%
% ca.bib
% before reversal of author first and last names 
% {\Ca} needs to be in {}'s like this  
%

@BOOK{Hill89,
   AUTHOR = {TL Hill},
   TITLE = {Free Energy Transduction in Biology and Biochemical
   Cycle Kinetics}, 
   PUBLISHER = {Springer-Verlag}, 
   ADDRESS = {New York},
   YEAR = {1989},
}

@ARTICLE{Bers02,
   AUTHOR = "D.M. Bers",
   TITLE = "Cardiac excitation-contraction coupling.",
   JOURNAL = "Nature",
   YEAR = "2002",
   MONTH = "Jan",
   VOLUME = "415",
   NUMBER = "6868",
   PAGES = "198--205",
   NOTE = ""
}

@ARTICLE{ChengWang02,
   AUTHOR = "H. Cheng and S.Q. Wang",
   TITLE = "Calcium signaling between sarcolemmal calcium channels and
ryanodine receptors in heart cells.",
   JOURNAL = "Front Biosci",
   YEAR = "2002",
   MONTH = "Sep",
   VOLUME = "7",
   PAGES = "d1867--d1878",
   NOTE = ""
}

@ARTICLE{FillCopello02,
   AUTHOR = "M. Fill and J.A. Copello",
   TITLE = "Ryanodine receptor calcium release channels.",
   JOURNAL = "Physiol Rev",
   YEAR = "2002",
   MONTH = "Oct",
   VOLUME = "82",
   NUMBER = "4",
   PAGES = "893--922",
   NOTE = ""
}


@ARTICLE{Franzini-ArmstrongEtal99,
   AUTHOR = "C. Franzini-Armstrong and F. Protasi and V. Ramesh",
   TITLE = "Shape, size, and distribution of {\Ca} release units and
couplons in skeletal and cardiac muscles.",
   JOURNAL = "Biophys J",
   YEAR = "1999",
   MONTH = "Sep",
   VOLUME = "77",
   NUMBER = "3",
   PAGES = "1528--1539",
   NOTE = ""
}


@ARTICLE{Hinch04,
   AUTHOR = "R. Hinch",
   TITLE = "A mathematical analysis of the generation and termination of
calcium sparks.",
   JOURNAL = "Biophys J",
   YEAR = "2004",
   MONTH = "Mar",
   VOLUME = "86",
   NUMBER = "3",
   PAGES = "1293--1307",
   NOTE = ""
}


@ARTICLE{SternCheng04,
   AUTHOR = "M.D. Stern and H. Cheng",
   TITLE = "Putting out the fire: what terminates calcium-induced calcium release in cardiac muscle?",
   JOURNAL = "Cell Calcium",
   YEAR = "2004",
   MONTH = "Jun",
   VOLUME = "35",
   NUMBER = "6",
   PAGES = "591--601",
   NOTE = ""
}


@ARTICLE{WangEtal04a,
   AUTHOR = "S.Q. Wang and M.D. Stern and E. Rios and H. Cheng",
   TITLE = "The quantal nature of {\Ca} sparks and in situ operation of the ryanodine receptor array in cardiac cells.",
   JOURNAL = "Proc Natl Acad Sci U S A",
   YEAR = "2004",
   MONTH = "Mar",
   VOLUME = "101",
   NUMBER = "11",
   PAGES = "3979--3984",
   NOTE = ""
}

@ARTICLE{WangEtal04b,
   AUTHOR = "K. Wang and WJ. Rappel and H. Levine",
   TITLE = "Cooperativity can reduce stochasticity in intracellular calcium dynamics",
   JOURNAL = "Phys Bio",
   YEAR = "2004",
   MONTH = "",
   VOLUME = "1",
   NUMBER = "",
   PAGES = "27-34",
   NOTE = ""
}


@ARTICLE{Falcke03a,
   AUTHOR = "M. Falcke",
   TITLE = "On the role of stochastic channel behavior in intracellular {\Ca} dynamics.",
   JOURNAL = "Biophys J",
   YEAR = "2003",
   MONTH = "Feb",
   VOLUME = "84",
   NUMBER = "1",
   PAGES = "42--56",
   NOTE = ""
}
                                                                                                                             
@ARTICLE{Falcke03b,
   AUTHOR = "M. Falcke",
   TITLE = "Buffers and oscillations in intracellular {\Ca} dynamics.",
   JOURNAL = "Biophys J",
   YEAR = "2003",
   MONTH = "Feb",
   VOLUME = "84",
   NUMBER = "1",
   PAGES = "28--41",
   NOTE = ""
}


@ARTICLE{RaoEtal02,
   AUTHOR = "C.V. Rao and D.M. Wolf and A.P. Arkin",
   TITLE = "Control, exploitation and tolerance of intracellular noise.",
   JOURNAL = "Nature",
   YEAR = "2002",
   MONTH = "Nov",
   VOLUME = "420",
   NUMBER = "6912",
   PAGES = "231--237",
   NOTE = ""
}

@ARTICLE{TaylorLaude02,
   AUTHOR = "C.W. Taylor and A.J. Laude",
   TITLE = "{\Ip} receptors and their regulation by calmodulin and cytosolic {\Ca}.",
   JOURNAL = "Cell Calcium",
   YEAR = "2002",
   MONTH = "Nov-Dec",
   VOLUME = "32",
   NUMBER = "5-6",
   PAGES = "321--334",
   NOTE = ""
}
 
@ARTICLE{ThulFalcke04,
   AUTHOR = "R. Thul and M. Falcke",
   TITLE = "Release currents of {\Ip} receptor channel clusters and concentration profiles.",
   JOURNAL = "Biophys J",
   YEAR = "2004",
   MONTH = "May",
   VOLUME = "86",
   NUMBER = "5",
   PAGES = "2660--2673",
   NOTE = ""
}



@ARTICLE{DarganEtal04,
   AUTHOR = "S.L. Dargan and B. Schwaller and I. Parker",
   TITLE = "Spatiotemporal patterning of {\Ip}-mediated {\Ca} signals in {X}enopus oocytes by {\Ca}-binding proteins.",
   JOURNAL = "J Physiol",
   YEAR = "2004",
   MONTH = "Apr",
   VOLUME = "556",
   NUMBER = "Pt 2",
   PAGES = "447--461",
   NOTE = ""
}
 
@ARTICLE{MarchantEtal02,
   AUTHOR = "J.S. Marchant and V. Ramos and I. Parker",
   TITLE = "Structural and functional relationships between {\Ca} puffs and mitochondria in {X}enopus oocytes.",
   JOURNAL = "Am J Physiol Cell Physiol",
   YEAR = "2002",
   MONTH = "Jun",
   VOLUME = "282",
   NUMBER = "6",
   PAGES = "C1374--C1386",
   NOTE = ""
}

@ARTICLE{JahrLester92,
   AUTHOR = "C.E. Jahr and R.A. Lester",
   TITLE = "Synaptic excitation mediated by glutamate-gated ion channels.",
   JOURNAL = "Curr Opin Neurobiol",
   YEAR = "1992",
   MONTH = "Jun",
   VOLUME = "2",
   NUMBER = "3",
   PAGES = "270--274",
   NOTE = ""
}
 
@ARTICLE{LesterJahr92,
   AUTHOR = "R.A. Lester and C.E. Jahr",
   TITLE = "NMDA channel behavior depends on agonist affinity.",
   JOURNAL = "J Neurosci",
   YEAR = "1992",
   MONTH = "Feb",
   VOLUME = "12",
   NUMBER = "2",
   PAGES = "635--643",
   NOTE = ""
}



@ARTICLE{MarxEtal01,
   AUTHOR = "S.O. Marx and J. Gaburjakova and M. Gaburjakova and C. Henrikson and K. Ondrias and A.R. Marks",
   TITLE = "Coupled gating between cardiac calcium release channels (ryanodine receptors).",
   JOURNAL = "Circ Res",
   YEAR = "2001",
   MONTH = "Jun",
   VOLUME = "88",
   NUMBER = "11",
   PAGES = "1151--1158",
   NOTE = ""
}


@ARTICLE{SobieEtal02,
   AUTHOR = "E.A. Sobie and K.W. Dilly and J. dos Santos Cruz and W.J. Lederer and M.S. Jafri",
   TITLE = "Termination of cardiac {\Ca} sparks: an investigative mathematical model of calcium-induced calcium release.",
   JOURNAL = "Biophys J",
   YEAR = "2002",
   MONTH = "Jul",
   VOLUME = "83",
   NUMBER = "1",
   PAGES = "59--78",
   NOTE = ""
}

@ARTICLE{ZuckerRegehr02,
   AUTHOR = "R.S. Zucker and W.G. Regehr",
   TITLE = "Short-term synaptic plasticity.",
   JOURNAL = "Annu Rev Physiol",
   YEAR = "2002",
   VOLUME = "64",
   PAGES = "355--405",
   NOTE = ""
}
 
@ARTICLE{MatveevEtal04,
   AUTHOR = "V. Matveev and R.S. Zucker and A. Sherman",
   TITLE = "Facilitation through Buffer Saturation: Constraints on Endogenous Buffering Properties.",
   JOURNAL = "Biophys J",
   YEAR = "2004",
   MONTH = "May",
   VOLUME = "86",
   NUMBER = "5",
   PAGES = "2691--2709",
   NOTE = ""
}



@ARTICLE{FraimanDawson04,
   AUTHOR = "D. Fraiman and S.P. Dawson",
   TITLE = "A model of {\Ip} receptor with a luminal {\Ca} binding site: stochastic simulations and analysis.",
   JOURNAL = "Cell Calcium",
   YEAR = "2004",
   MONTH = "May",
   VOLUME = "35",
   NUMBER = "5",
   PAGES = "403--413",
   NOTE = ""
}


@ARTICLE{FierroParekh99,
   AUTHOR = "L. Fierro and A.B. Parekh",
   TITLE = "Fast {\Ca}-dependent inactivation of {\Ca} release-activated calcium current ({CRAC}) in {RBL}-1 cells.",
   JOURNAL = "J Membr Biol",
   YEAR = "1999",
   MONTH = "Mar",
   VOLUME = "168",
   NUMBER = "1",
   PAGES = "9--17",
   NOTE = ""
}
 
@ARTICLE{Parekh03,
   AUTHOR = "A.B. Parekh",
   TITLE = "Store-operated {\Ca} entry: dynamic interplay between endoplasmic reticulum, mitochondria and plasma membrane.",
   JOURNAL = "J Physiol",
   YEAR = "2003",
   MONTH = "Mar",
   VOLUME = "547",
   NUMBER = "Pt 2",
   PAGES = "333--348",
   NOTE = ""
}
 
@ARTICLE{ZweifachLewis95,
   AUTHOR = "A. Zweifach and R.S. Lewis",
   TITLE = "Rapid inactivation of depletion-activated calcium current ({ICRAC}) due to local calcium feedback.",
   JOURNAL = "J Gen Physiol",
   YEAR = "1995",
   MONTH = "Feb",
   VOLUME = "105",
   NUMBER = "2",
   PAGES = "209--226",
   NOTE = ""
}
 

@ARTICLE{ShuaiJung03b,
   AUTHOR = "J.W. Shuai and P. Jung",
   TITLE = "Selection of intracellular calcium patterns in a model with clustered {\Ca} release channels.",
   JOURNAL = "Phys Rev E Stat Nonlin Soft Matter Phys",
   YEAR = "2003",
   MONTH = "Mar",
   VOLUME = "67",
   NUMBER = "3 Pt 1",
   PAGES = "031905",
   NOTE = ""
}
 
@ARTICLE{ShuaiJung03a,
   AUTHOR = "J.W. Shuai and P. Jung",
   TITLE = "Optimal ion channel clustering for intracellular calcium signaling.",
   JOURNAL = "Proc Natl Acad Sci U S A",
   YEAR = "2003",
   MONTH = "Jan",
   VOLUME = "100",
   NUMBER = "2",
   PAGES = "506--510",
   NOTE = ""
}

@ARTICLE{ShuaiJung02a,
   AUTHOR = "J.W. Shuai and P. Jung",
   TITLE = "Stochastic properties of {\Ca} release of inositol 1,4,5-trisphosphate receptor clusters.",
   JOURNAL = "Biophys J",
   YEAR = "2002",
   MONTH = "Jul",
   VOLUME = "83",
   NUMBER = "1",
   PAGES = "87--97",
   NOTE = ""
}
 
@ARTICLE{ShuaiJung02b,
   AUTHOR = "J.W. Shuai and P. Jung",
   TITLE = "Optimal intracellular calcium signaling.",
   JOURNAL = "Phys Rev Lett",
   YEAR = "2002",
   MONTH = "Feb",
   VOLUME = "88",
   NUMBER = "6",
   PAGES = "068102",
   NOTE = ""
}

@ARTICLE{StrierEtal03,
   AUTHOR = "D.E. Strier and A.C. Ventura and S.P. Dawson",
   TITLE = "Saltatory and continuous calcium waves and the rapid buffering approximation.",
   JOURNAL = "Biophys J",
   YEAR = "2003",
   MONTH = "Dec",
   VOLUME = "85",
   NUMBER = "6",
   PAGES = "3575--3586",
   NOTE = ""
}

@ARTICLE{FallKeizer01,
   AUTHOR = "C.P. Fall and J.E. Keizer",
   TITLE = "Mitochondrial modulation of intracellular {\Ca} signaling.",
   JOURNAL = "J Theor Biol",
   YEAR = "2001",
   MONTH = "May",
   VOLUME = "210",
   NUMBER = "2",
   PAGES = "151--165",
   NOTE = ""
}


@ARTICLE{MagnusKeizer98a,
   AUTHOR = "G. Magnus and J. Keizer",
   TITLE = "Model of beta-cell mitochondrial calcium handling and electrical activity. {I}. Cytoplasmic variables.",
   JOURNAL = "Am J Physiol",
   YEAR = "1998",
   MONTH = "Apr",
   VOLUME = "274",
   NUMBER = "4 Pt 1",
   PAGES = "C1158--C1173",
   NOTE = ""
}
 
@ARTICLE{MagnusKeizer98b,
   AUTHOR = "G. Magnus and J. Keizer",
   TITLE = "Model of beta-cell mitochondrial calcium handling and electrical activity. {II}. Mitochondrial variables.",
   JOURNAL = "Am J Physiol",
   YEAR = "1998",
   MONTH = "Apr",
   VOLUME = "274",
   NUMBER = "4 Pt 1",
   PAGES = "C1174--C1184",
   NOTE = ""
}



@ARTICLE{AugustineEtal03,
   AUTHOR = "G.J. Augustine and F. Santamaria and K. Tanaka",
   TITLE = "Local calcium signaling in neurons.",
   JOURNAL = "Neuron",
   YEAR = "2003",
   MONTH = "Oct",
   VOLUME = "40",
   NUMBER = "2",
   PAGES = "331--346",
   NOTE = ""
}


@ARTICLE{Dolphin96,
   AUTHOR = "A.C. Dolphin",
   TITLE = "Facilitation of {\Ca} current in excitable cells.",
   JOURNAL = "Trends Neurosci",
   YEAR = "1996",
   MONTH = "Jan",
   VOLUME = "19",
   NUMBER = "1",
   PAGES = "35--43",
   NOTE = ""
}


@ARTICLE{SimpsonEtal95,
   AUTHOR = "P.B. Simpson and R.A. Challiss and S.R. Nahorski",
   TITLE = "Neuronal {\Ca} stores: activation and function.",
   JOURNAL = "Trends Neurosci",
   YEAR = "1995",
   MONTH = "Jul",
   VOLUME = "18",
   NUMBER = "7",
   PAGES = "299--306",
   NOTE = ""
}


@ARTICLE{OakleyEtal01b,
   AUTHOR = "J.C. Oakley and P.C. Schwindt and W.E. Crill",
   TITLE = "Dendritic calcium spikes in layer 5 pyramidal neurons amplify and limit transmission of ligand-gated dendritic current to soma.",
   JOURNAL = "J Neurophysiol",
   YEAR = "2001",
   MONTH = "Jul",
   VOLUME = "86",
   NUMBER = "1",
   PAGES = "514--527",
   NOTE = ""
}
 
@ARTICLE{OakleyEtal01a,
   AUTHOR = "J.C. Oakley and P.C. Schwindt and W.E. Crill",
   TITLE = "Initiation and propagation of regenerative {\Ca}-dependent potentials in dendrites of layer 5 pyramidal neurons.",
   JOURNAL = "J Neurophysiol",
   YEAR = "2001",
   MONTH = "Jul",
   VOLUME = "86",
   NUMBER = "1",
   PAGES = "503--513",
   NOTE = ""
}


@ARTICLE{Melamed-BookEtal99,
   AUTHOR = "N. Melamed-Book and S.G. Kachalsky and I. Kaiserman and R. Rahamimoff",
   TITLE = "Neuronal calcium sparks and intracellular calcium noise.",
   JOURNAL = "Proc Natl Acad Sci U S A",
   YEAR = "1999",
   MONTH = "Dec",
   VOLUME = "96",
   NUMBER = "26",
   PAGES = "15217--15221",
   NOTE = ""
}



@ARTICLE{MaedaEtal99,
   AUTHOR = "H. Maeda and G.C. Ellis-Davies and K. Ito and Y. Miyashita and H. Kasai",
   TITLE = "Supralinear {\Ca} signaling by cooperative and mobile {\Ca} buffering in {P}urkinje neurons.",
   JOURNAL = "Neuron",
   YEAR = "1999",
   MONTH = "Dec",
   VOLUME = "24",
   NUMBER = "4",
   PAGES = "989--1002",
   NOTE = ""
}


@ARTICLE{SchusterEtal02,
   AUTHOR = "S. Schuster and M. Marhl and T. Hofer",
   TITLE = "Modelling of simple and complex calcium oscillations. From single-cell responses to intercellular signalling.",
   JOURNAL = "Eur J Biochem",
   YEAR = "2002",
   MONTH = "Mar",
   VOLUME = "269",
   NUMBER = "5",
   PAGES = "1333--1355",
   NOTE = ""
}

@ARTICLE{Lemon04,
   AUTHOR = "G. Lemon",
   TITLE = "Fire-diffuse-fire calcium waves in confined intracellular spaces.",
   JOURNAL = "Bull Math Biol",
   YEAR = "2004",
   MONTH = "Jan",
   VOLUME = "66",
   NUMBER = "1",
   PAGES = "65--90",
   NOTE = ""
}

@INCOLLECTION{JafriYang04,
   TITLE = {Modelling neuronal calcium dynamics},
   AUTHOR = {SM Jafri and KH Yang},
   PAGES = {75--95},
   BOOKTITLE = {Computational Neuroscience: A Comprehensive Approach},
   EDITOR = {J Feng},
   PUBLISHER = {Chapman \& Hall/CRC},
   YEAR = {2004},
   ADDRESS = {}
}

@ARTICLE{ClayDeFelice83,
   AUTHOR = "J.R. Clay and L.J. DeFelice",
   TITLE = "Relationship between membrane excitability and single channel open-close kinetics.",
   JOURNAL = "Biophys J",
   YEAR = "1983",
   MONTH = "May",
   VOLUME = "42",
   NUMBER = "2",
   PAGES = "151--157",
   NOTE = ""
}

 
@ARTICLE{MazzantiEtal91,
   AUTHOR = "M. Mazzanti and L.J. DeFelice and Y.M. Liu",
   TITLE = "Gating of {L}-type {\Ca} channels in embryonic chick ventricle cells: dependence on voltage, current and channel density.",
   JOURNAL = "J Physiol",
   YEAR = "1991",
   MONTH = "Nov",
   VOLUME = "443",
   PAGES = "307--334",
   NOTE = ""
}


@ARTICLE{CannellEtal95,
   AUTHOR = "M.B. Cannell and H. Cheng and W.J. Lederer",
   TITLE = "The control of calcium release in heart muscle.",
   JOURNAL = "Science",
   YEAR = "1995",
   MONTH = "May",
   VOLUME = "268",
   NUMBER = "5213",
   PAGES = "1045--1049",
   NOTE = ""
}

@BOOK{Hill77,
   AUTHOR = {T.L. Hill},
   TITLE = {Free Energy Transduction in Biology: The Steady-State Kinetic and Thermodynamic Formalism}, 
   PUBLISHER = {Academic Press}, 
   ADDRESS = {New York},
   YEAR = {1977},
}

@ARTICLE{DarganParker03,
   AUTHOR = "S.L. Dargan and I. Parker",
   TITLE = "Buffer kinetics shape the spatiotemporal patterns of {\Ip}-evoked {\Ca} signals.",
   JOURNAL = "J Physiol",
   YEAR = "2003",
   MONTH = "Dec",
   VOLUME = "553",
   NUMBER = "Pt 3",
   PAGES = "775--788",
   NOTE = ""
}

@ARTICLE{ShamEtal98,
   AUTHOR = "J.S. Sham and L.S. Song and Y. Chen and L.H. Deng and M.D. Stern and E.G. Lakatta and H. Cheng",
   TITLE = "Termination of {\Ca} release by a local inactivation of ryanodine receptors in cardiac myocytes.",
   JOURNAL = "Proc Natl Acad Sci U S A",
   YEAR = "1998",
   MONTH = "Dec",
   VOLUME = "95",
   NUMBER = "25",
   PAGES = "15096--15101",
   NOTE = ""
}

@ARTICLE{RengifoEtal02,
   AUTHOR = "J. Rengifo and R. Rosales and A. Gonzalez and H. Cheng and M.D. Stern and E. Rios",
   TITLE = "Intracellular {\Ca} release as irreversible {M}arkov process.",
   JOURNAL = "Biophys J",
   YEAR = "2002",
   MONTH = "Nov",
   VOLUME = "83",
   NUMBER = "5",
   PAGES = "2511--2521",
   NOTE = ""
}
 
@ARTICLE{WangEtal02,
   AUTHOR = "S.Q. Wang and L.S. Song and L. Xu and G. Meissner and E.G. Lakatta and E. Rios and M.D. Stern and H. Cheng",
   TITLE = "Thermodynamically irreversible gating of ryanodine receptors in situ revealed by stereotyped duration of release in {\Ca} sparks.",
   JOURNAL = "Biophys J",
   YEAR = "2002",
   MONTH = "Jul",
   VOLUME = "83",
   NUMBER = "1",
   PAGES = "242--251",
   NOTE = ""
}


@ARTICLE{TangOthmer94,
   AUTHOR = "Y. Tang and H.G. Othmer",
   TITLE = "A model of calcium dynamics in cardiac myocytes based on the kinetics of ryanodine-sensitive calcium channels.",
   JOURNAL = "Biophys J",
   YEAR = "1994",
   MONTH = "Dec",
   VOLUME = "67",
   NUMBER = "6",
   PAGES = "2223--2235",
   NOTE = ""
}


@ARTICLE{McAdamsArkin97,
   AUTHOR = "H.H. McAdams and A. Arkin",
   TITLE = "Stochastic mechanisms in gene expression.",
   JOURNAL = "Proc Natl Acad Sci U S A",
   YEAR = "1997",
   MONTH = "Feb",
   VOLUME = "94",
   NUMBER = "3",
   PAGES = "814--819",
   NOTE = ""
}

@BOOK{SakmannNeher95,
   EDITOR = {B. Sakmann and E. Neher}, 
   TITLE = {Single-Channel Recording},
   PUBLISHER = {Plenum Pub Corp}, 
   ADDRESS = {},
   YEAR = {1995},
   EDITION = {Second},
   ISBN = {030644870X}
}

@ARTICLE{GyorkeFill93,
   AUTHOR = "S. Gyorke and M. Fill",
   TITLE = "Ryanodine receptor adaptation: control mechanism of Ca(2+)-induced {\Ca} release in heart.",
   JOURNAL = "Science",
   YEAR = "1993",
   MONTH = "May",
   VOLUME = "260",
   NUMBER = "5109",
   PAGES = "807--809",
   NOTE = ""
}
 
@ARTICLE{ValdiviaEtal95,
   AUTHOR = "H.H. Valdivia and J.H. Kaplan and G.C. Ellis-Davies and W.J. Lederer",
   TITLE = "Rapid adaptation of cardiac ryanodine receptors: modulation by Mg2+ and phosphorylation.",
   JOURNAL = "Science",
   YEAR = "1995",
   MONTH = "Mar",
   VOLUME = "267",
   NUMBER = "5206",
   PAGES = "1997--2000",
   NOTE = ""
}

@BOOK{Bers92,
   AUTHOR = {D.M. Bers},
   TITLE = {Excitation-Contraction Coupling and Cardiac Contractile Force},
   PUBLISHER = {Kluwer Academic Publishers}, 
   ADDRESS = {},
   YEAR = {1992},
   EDITION = {Second},
   ISBN = {0792371585}
}

@ARTICLE{CannellAllen84,
   AUTHOR = "M.B. Cannell and D.G. Allen",
   TITLE = "Model of calcium movements during activation in the sarcomere of frog skeletal muscle.",
   JOURNAL = "Biophys J",
   YEAR = "1984",
   MONTH = "May",
   VOLUME = "45",
   NUMBER = "5",
   PAGES = "913--925",
   NOTE = ""
}

@ARTICLE{JorgensenCampbell84,
   AUTHOR = "A.O. Jorgensen and K.P. Campbell",
   TITLE = "Evidence for the presence of calsequestrin in two structurally different regions of myocardial sarcoplasmic reticulum.",
   JOURNAL = "J Cell Biol",
   YEAR = "1984",
   MONTH = "Apr",
   VOLUME = "98",
   NUMBER = "4",
   PAGES = "1597--1602",
   NOTE = ""
}
 
@ARTICLE{LedererEtal90,
   AUTHOR = "W.J. Lederer and E. Niggli and R.W. Hadley",
   TITLE = "Sodium-calcium exchange in excitable cells: fuzzy space.",
   JOURNAL = "Science",
   YEAR = "1990",
   MONTH = "Apr",
   VOLUME = "248",
   NUMBER = "4953",
   PAGES = "283",
   NOTE = ""
}

@ARTICLE{LyttonEtal92,
   AUTHOR = "J. Lytton and M. Westlin and S.E. Burk and G.E. Shull and D.H. MacLennan",
   TITLE = "Functional comparisons between isoforms of the sarcoplasmic or endoplasmic reticulum family of calcium pumps.",
   JOURNAL = "J Biol Chem",
   YEAR = "1992",
   MONTH = "Jul",
   VOLUME = "267",
   NUMBER = "20",
   PAGES = "14483--14489",
   NOTE = ""
}
 
@ARTICLE{RobertsonEtal81,
   AUTHOR = "S.P. Robertson and J.D. Johnson and J.D. Potter",
   TITLE = "The time-course of {\Ca} exchange with calmodulin, troponin, parvalbumin, and myosin in response to transient increases in {\Ca}.",
   JOURNAL = "Biophys J",
   YEAR = "1981",
   MONTH = "Jun",
   VOLUME = "34",
   NUMBER = "3",
   PAGES = "559--569",
   NOTE = ""
}

@ARTICLE{CannellSoeller97,
   AUTHOR = "M.B. Cannell and C. Soeller",
   TITLE = "Numerical analysis of ryanodine receptor activation by L-type channel activity in the cardiac muscle diad.",
   JOURNAL = "Biophys J",
   YEAR = "1997",
   MONTH = "Jul",
   VOLUME = "73",
   NUMBER = "1",
   PAGES = "112--122",
   NOTE = ""
}
 
@ARTICLE{SoellerCannell97,
   AUTHOR = "C. Soeller and M.B. Cannell",
   TITLE = "Numerical simulation of local calcium movements during L-type calcium channel gating in the cardiac diad.",
   JOURNAL = "Biophys J",
   YEAR = "1997",
   MONTH = "Jul",
   VOLUME = "73",
   NUMBER = "1",
   PAGES = "97--111",
   NOTE = ""
}
 
@ARTICLE{SwillensEtal99,
   AUTHOR = "S. Swillens and G. Dupont and L. Combettes and P. Champeil",
   TITLE = "From {\Ca} blips to {\Ca} puffs: theoretical analysis of the requirements for interchannel communication.",
   JOURNAL = "Proc Natl Acad Sci U S A",
   YEAR = "1999",
   MONTH = "Nov",
   VOLUME = "96",
   NUMBER = "24",
   PAGES = "13750--13755",
   NOTE = ""
}

@ARTICLE{MichikawaEtal99,
   AUTHOR = "T. Michikawa and J. Hirota and S. Kawano and M. Hiraoka and M. Yamada and T. Furuichi and K. Mikoshiba",
   TITLE = "Calmodulin mediates calcium-dependent inactivation of the cerebellar type 1 inositol 1,4,5-trisphosphate receptor.",
   JOURNAL = "Neuron",
   YEAR = "1999",
   MONTH = "Aug",
   VOLUME = "23",
   NUMBER = "4",
   PAGES = "799--808",
   NOTE = ""
}
 
@ARTICLE{O'NeillEtal02,
   AUTHOR = "A.F. O'Neill and R.E. Hagar and W.R. Zipfel and M.H. Nathanson and B.E. Ehrlich",
   TITLE = "Regulation of the type {III} {\Ip} receptor by {\Ip} and calcium.",
   JOURNAL = "Biochem Biophys Res Commun",
   YEAR = "2002",
   MONTH = "Jun",
   VOLUME = "294",
   NUMBER = "3",
   PAGES = "719--725",
   NOTE = ""
}

@BOOK{JackEtal83, 
   AUTHOR = {J.J.B. Jack and R.W. Tsien and D. Noble},
   TITLE = {Electric Current Flow in Excitable Cells},
   YEAR = {1983},
   PUBLISHER = {Oxford University Press} ,
   ADDRESS = {Oxford, UK},
   ISBN = {}
} 

@BOOK{Rubinstein90, 
   AUTHOR = {I. Rubinstein},
   TITLE = {Electro-diffusion of ions},
   YEAR = {1990},
   PUBLISHER = {Society for Industrial and Applied Mathematics},
   ADDRESS = {Philadelphia, PA},
   ISBN = {}
} 

@ARTICLE{SneydDufour02,
   AUTHOR = "J. Sneyd and J.F. Dufour",
   TITLE = "A dynamic model of the type-2 inositol trisphosphate receptor.",
   JOURNAL = "Proc Natl Acad Sci U S A",
   YEAR = "2002",
   MONTH = "Feb",
   VOLUME = "99",
   NUMBER = "4",
   PAGES = "2398--2403",
   NOTE = ""
}
 
@ARTICLE{DawsonEtal99,
   AUTHOR = "S.P. Dawson and J. Keizer and J.E. Pearson",
   TITLE = "Fire-diffuse-fire model of dynamics of intracellular calcium waves.",
   JOURNAL = "Proc Natl Acad Sci U S A",
   YEAR = "1999",
   MONTH = "May",
   VOLUME = "96",
   NUMBER = "11",
   PAGES = "6060--6063",
   NOTE = ""
}


@ARTICLE{Coombes01,
   AUTHOR = "S. Coombes",
   TITLE = "The effect of ion pumps on the speed of travelling waves in the fire-diffuse-fire model of {\Ca} release.", 
   JOURNAL = "Bull Math Biol",
   YEAR = "2001",
   MONTH = "Jan",
   VOLUME = "63",
   NUMBER = "1",
   PAGES = "1--20",
   NOTE = ""
}
 
@ARTICLE{DawsonEtal99,
   AUTHOR = "S.P. Dawson and J. Keizer and J.E. Pearson",
   TITLE = "Fire-diffuse-fire model of dynamics of intracellular calcium waves.",
   JOURNAL = "Proc Natl Acad Sci U S A",
   YEAR = "1999",
   MONTH = "May",
   VOLUME = "96",
   NUMBER = "11",
   PAGES = "6060--6063",
   NOTE = ""
}


@BOOK{Smith85, 
   AUTHOR = {G.D. Smith},
   TITLE = {Numerical solution of partial differential equations},
   YEAR = {1985},
   PUBLISHER = {Oxford University Press},
   ADDRESS = {Oxford},
   ISBN = {}
} 

@BOOK{Diaspro02, 
   AUTHOR = {A. Diaspro},
   TITLE = {Confocal and Two-Photon Microscopy: Foundations, Applications, and Advances},
   YEAR = {2002},
   PUBLISHER = {Wiley-Liss, Inc.},
   ADDRESS = {New York},
   ISBN = {}
} 

@BOOK{Keizer87, 
   TITLE = {Statistical Thermodynamics of Nonequilibrium Processes},
   AUTHOR = {J.E. Keizer},
   PUBLISHER = {Springer Verlag}, 
   YEAR = {1987},
   ADDRESS = {Berlin}
}

@ARTICLE{BaimbridgeEtal92,
   AUTHOR = "K.G. Baimbridge and M.R. Celio and J.H. Rogers",
   TITLE = "Calcium-binding proteins in the nervous system.",
   JOURNAL = "Trends Neurosci",
   YEAR = "1992",
   MONTH = "Aug",
   VOLUME = "15",
   NUMBER = "8",
   PAGES = "303--308",
   NOTE = ""
}

@ARTICLE{BlatterWier90,
   AUTHOR = "L.A. Blatter and W.G. Wier",
   TITLE = "Intracellular diffusion, binding, and compartmentalization of the fluorescent calcium indicators indo-1 and fura-2.",
   JOURNAL = "Biophys J",
   YEAR = "1990",
   MONTH = "Dec",
   VOLUME = "58",
   NUMBER = "6",
   PAGES = "1491--1499",
   NOTE = ""
}

@ARTICLE{FalkeEtal94,
   AUTHOR = "J.J. Falke and S.K. Drake and A.L. Hazard and O.B. Peersen",
   TITLE = "Molecular tuning of ion binding to calcium signaling proteins.",
   JOURNAL = "Q Rev Biophys",
   YEAR = "1994",
   MONTH = "Aug",
   VOLUME = "27",
   NUMBER = "3",
   PAGES = "219--290",
   NOTE = ""
}

@ARTICLE{HeizmannHunziker91,
   AUTHOR = "C.W. Heizmann and W. Hunziker",
   TITLE = "Intracellular calcium-binding proteins: more sites than insights.",
   JOURNAL = "Trends Biochem Sci",
   YEAR = "1991",
   MONTH = "Mar",
   VOLUME = "16",
   NUMBER = "3",
   PAGES = "98--103",
   NOTE = ""
}

@ARTICLE{Kao94,
   AUTHOR = "J.P. Kao",
   TITLE = "Practical aspects of measuring [{\Ca}] with fluorescent indicators.",
   JOURNAL = "Methods Cell Biol",
   YEAR = "1994",
   VOLUME = "40",
   PAGES = "155--181",
   NOTE = ""
}

@ARTICLE{KosterEtal95,
   AUTHOR = "H.P. Koster and A. Hartog and C.H. Van Os and R.J. Bindels",
   TITLE = "Calbindin-D28K facilitates cytosolic calcium diffusion without interfering with calcium signaling.",
   JOURNAL = "Cell Calcium",
   YEAR = "1995",
   MONTH = "Sep",
   VOLUME = "18",
   NUMBER = "3",
   PAGES = "187--196",
   NOTE = ""
}

@ARTICLE{PethigEtal89,
   AUTHOR = "R. Pethig and M. Kuhn and R. Payne and E. Adler and T.H. Chen and L.F. Jaffe",
   TITLE = "On the dissociation constants of BAPTA-type calcium buffers.",
   JOURNAL = "Cell Calcium",
   YEAR = "1989",
   MONTH = "Oct",
   VOLUME = "10",
   NUMBER = "7",
   PAGES = "491--498",
   NOTE = ""
}

@ARTICLE{Tsien80,
   AUTHOR = "R.Y. Tsien",
   TITLE = "New calcium indicators and buffers with high selectivity against magnesium and protons: design, synthesis, and properties of prototype structures.",
   JOURNAL = "Biochemistry",
   YEAR = "1980",
   MONTH = "May",
   VOLUME = "19",
   NUMBER = "11",
   PAGES = "2396--2404",
   NOTE = ""
}


@INBOOK{Helmchen99, 
   TITLE = {Dendrites as biochemical compartments}, 
   AUTHORS = {F Helmchen},               
   PAGES = {161--192},
   BOOKTITLE = {Dendrites},
   EDITOR = {G. Stuart and N. Spruston and M. Hausser},
   PUBLISHER = {Oxford University Press},
   YEAR = {1999},
   ADDRESS = {Oxford}
}

@ARTICLE{DenkEtal96,
   AUTHOR = "W. Denk and R. Yuste and K. Svoboda and D.W. Tank",
   TITLE = "Imaging calcium dynamics in dendritic spines.",
   JOURNAL = "Curr Opin Neurobiol",
   YEAR = "1996",
   MONTH = "Jun",
   VOLUME = "6",
   NUMBER = "3",
   PAGES = "372--378",
   NOTE = ""
}

@ARTICLE{SvobodaEtal97,
   AUTHOR = "K. Svoboda and W. Denk and D. Kleinfeld and D.W. Tank",
   TITLE = "In vivo dendritic calcium dynamics in neocortical pyramidal neurons.",
   JOURNAL = "Nature",
   YEAR = "1997",
   MONTH = "Jan",
   VOLUME = "385",
   NUMBER = "6612",
   PAGES = "161--165",
   NOTE = ""
}

@ARTICLE{SabatiniEtal01,
   AUTHOR = "B.L. Sabatini and M. Maravall and K. Svoboda",
   TITLE = "{\Ca} signaling in dendritic spines.",
   JOURNAL = "Curr Opin Neurobiol",
   YEAR = "2001",
   MONTH = "Jun",
   VOLUME = "11",
   NUMBER = "3",
   PAGES = "349--356",
   NOTE = ""
}


@ARTICLE{NimchinskyEtal02,
   AUTHOR = "E.A. Nimchinsky and B.L. Sabatini and K. Svoboda",
   TITLE = "Structure and function of dendritic spines.",
   JOURNAL = "Annu Rev Physiol",
   YEAR = "2002",
   VOLUME = "64",
   PAGES = "313--353",
   NOTE = ""
}

@INBOOK{CelioEtal96, 
   TITLE = {Introduction to EF-hand calcium-binding proteins}, 
   AUTHORS = {M.R. Celio and T.L. Pauls and B. Schwaller},
   PAGES = {15--20},
   BOOKTITLE = {Guidebook to the calcium-binding proteins},
   EDITOR = {M.R. Celio and T.L. Pauls and B. Schwaller},
   PUBLISHER = {Oxford University Press, Inc.},
   YEAR = {1996},
   ADDRESS = {New York}
}

@ARTICLE{HarkinsEtal93,
   AUTHOR = "A.B. Harkins and N. Kurebayashi and S.M. Baylor",
   TITLE = "Resting myoplasmic free calcium in frog skeletal muscle fibers estimated with fluo-3.",
   JOURNAL = "Biophys J",
   YEAR = "1993",
   MONTH = "Aug",
   VOLUME = "65",
   NUMBER = "2",
   PAGES = "865--881",
   NOTE = ""
}

@ARTICLE{PapeEtal95,
   AUTHOR = "P.C. Pape and D.S. Jong and W.K. Chandler",
   TITLE = "Calcium release and its voltage dependence in frog cut muscle fibers equilibrated with 20 m{M} {EGTA}",
   JOURNAL = "J Gen Physiol",
   YEAR = "1995",
   MONTH = "",
   VOLUME = "106",
   NUMBER = "",
   PAGES = "259--336",
   NOTE = ""
}

@INPROCEEDINGS{ShermanEtal02, 
   TITLE = {Whole-Cell Models}, 
   AUTHOR = {A.S. Sherman and Y.X. Li and J.E. Keizer},      
   PAGES = {101--139},
   BOOKTITLE = {Computational Cell Biology},
   EDITOR = {C.P. Fall and E.S. Marland and J.M. Wagner and J.J. Tyson}, 
   PUBLISHER = {Springer-Verlag},
   YEAR = {2002},
   ADDRESS = {New York, NY}
}

@ARTICLE{Fabiato85,
   AUTHOR = "A. Fabiato",
   TITLE = "Simulated calcium current can both cause calcium loading in and trigger calcium release from the sarcoplasmic reticulum of a skinned canine cardiac Purkinje cell.",
   JOURNAL = "J Gen Physiol",
   YEAR = "1985",
   MONTH = "Feb",
   VOLUME = "85",
   NUMBER = "2",
   PAGES = "291--320",
   NOTE = ""
}


@ARTICLE{FinchAugustine98,
   AUTHOR = "E.A. Finch and G.J. Augustine",
   TITLE = "Local calcium signalling by inositol-1,4,5-trisphosphate in {P}urkinje cell dendrites.",
   JOURNAL = "Nature",
   YEAR = "1998",
   MONTH = "Dec",
   VOLUME = "396",
   NUMBER = "6713",
   PAGES = "753--756",
   NOTE = ""
}

@ARTICLE{FinkEtal00,
   AUTHOR = "C.C. Fink and B. Slepchenko and I.I. Moraru and J. Watras and J.C. Schaff and L.M. Loew",
   TITLE = "An image-based model of calcium waves in differentiated neuroblastoma cells.",
   JOURNAL = "Biophys J",
   YEAR = "2000",
   MONTH = "Jul",
   VOLUME = "79",
   NUMBER = "1",
   PAGES = "163--183",
   NOTE = ""
}

@BOOK{Murray89, 
   TITLE = {Mathematical Biology},
   AUTHOR = {J.D. Murray},
   PUBLISHER = {Springer Verlag}, 
   YEAR = {1989},
   ADDRESS = {Berlin}
}

@BOOK{Koch99, 
   TITLE = {Biophysics of Computation: Information Processing in Single Neurons},
   AUTHOR = {C. Koch},
   PUBLISHER = {Oxford University Press}, 
   YEAR = {1999},
   ADDRESS = {Oxford}
}

@ARTICLE{ZadorKoch94,
   AUTHOR = "A. Zador and C. Koch",
   TITLE = "Linearized models of calcium dynamics: formal equivalence to the cable equation.",
   JOURNAL = "J Neurosci",
   YEAR = "1994",
   MONTH = "Aug",
   VOLUME = "14",
   NUMBER = "8",
   PAGES = "4705--4715",
   NOTE = ""
}

@INPROCEEDINGS{MascagniSherman98, 
   TITLE = {Numerical methods for neuronal modeling}, 
   AUTHOR = {M.V. Mascagni and A.S. Sherman},      
   PAGES = {569--606},
   BOOKTITLE = {Methods in Neuronal Modeling: From Ions to Networks, 2nd edition},
   EDITOR = {C Koch and I Segev}, 
   PUBLISHER = {The MIT Press},
   YEAR = {1998},
   ADDRESS = {Cambridge, MA}
}

@ARTICLE{GrynkiewiczEtal85,
   AUTHOR = "G. Grynkiewicz and M. Poenie and R.Y. Tsien",
   TITLE = "A new generation of {\Ca} indicators with greatly improved fluorescence properties.",
   JOURNAL = "J Biol Chem",
   YEAR = "1985",
   MONTH = "Mar",
   VOLUME = "260",
   NUMBER = "6",
   PAGES = "3440--3450",
   NOTE = ""
}

@BOOK{StuartEtal99WholeBook, 
   TITLE = {Dendrites},
   AUTHOR = {G. Stuart and N. Spruston and M. Hausser},
   PUBLISHER = {Oxford University Press}, 
   YEAR = {1999},
   ADDRESS = {Oxford}
}


@ARTICLE{Ehrlich95,
   AUTHOR = "B.E. Ehrlich",
   TITLE = "Functional properties of intracellular calcium-release channels.",
   JOURNAL = "Curr Opin Neurobiol",
   YEAR = "1995",
   MONTH = "Jun",
   VOLUME = "5",
   NUMBER = "3",
   PAGES = "304--309",
   NOTE = ""
}

@BOOK{CelioEtal96WholeBook, 
   AUTHOR = {M.R. Celio and T.L. Pauls and B. Schwaller},
   TITLE = {Guidebook to the calcium-binding proteins},
   YEAR = {1996},
   PUBLISHER = {Oxford University Press, Inc.},
   ADDRESS = {Oxford},
   ISBN = {}
} 

@ARTICLE{Clapham95,
   AUTHOR = "D.E. Clapham",
   TITLE = "Calcium signaling.",
   JOURNAL = "Cell",
   YEAR = "1995",
   MONTH = "Jan",
   VOLUME = "80",
   NUMBER = "2",
   PAGES = "259--268",
   NOTE = ""
}
 
@ARTICLE{GhoshGreenberg95,
   AUTHOR = "A. Ghosh and M.E. Greenberg",
   TITLE = "Calcium signaling in neurons: molecular mechanisms and cellular consequences.",
   JOURNAL = "Science",
   YEAR = "1995",
   MONTH = "Apr",
   VOLUME = "268",
   NUMBER = "5208",
   PAGES = "239--247",
   NOTE = ""
}

@INPROCEEDINGS{Stanley95, 
   TITLE = {Calcium entry and the functional organization of the presynaptic transmitter release site},
   AUTHOR = {E.F. Stanley},      
   PAGES = {},
   BOOKTITLE = {Excitatory Amino Acids and Synaptic Transmission, 2nd edition},
   EDITOR = {H.V. Wheal and A.M. Thomson}, 
   PUBLISHER = {Academic Press}, 
   YEAR = {1995},
   ADDRESS = {New York, NY}
}


@ARTICLE{HaskellEtal01,
   AUTHOR = "E. Haskell and D.Q. Nykamp and D. Tranchina",
   TITLE = "Population density methods for large-scale modelling of neuronal networks with realistic synaptic kinetics: cutting the dimension
down to size.",
   JOURNAL = "Network",
   YEAR = "2001",
   MONTH = "May",
   VOLUME = "12",
   NUMBER = "2",
   PAGES = "141--174",
   NOTE = ""
}
 
@ARTICLE{NykampTranchina00,
   AUTHOR = "D.Q. Nykamp and D. Tranchina",
   TITLE = "A population density approach that facilitates large-scale modeling of neural networks: analysis and an application to orientation tuning.",
   JOURNAL = "J Comput Neurosci",
   YEAR = "2000",
   MONTH = "Jan-Feb",
   VOLUME = "8",
   NUMBER = "1",
   PAGES = "19--50",
   NOTE = ""
}
 
@ARTICLE{NykampTranchina01,
   AUTHOR = "D.Q. Nykamp and D. Tranchina",
   TITLE = "A population density approach that facilitates large-scale modeling of neural networks: extension to slow inhibitory synapses.",
   JOURNAL = "Neural Comput",
   YEAR = "2001",
   MONTH = "Mar",
   VOLUME = "13",
   NUMBER = "3",
   PAGES = "511--546",
   NOTE = ""
}

@ARTICLE{BertramSherman98,
   AUTHOR = "R. Bertram and A. Sherman",
   TITLE = "Population dynamics of synaptic release sites",
   JOURNAL = "SIAM J Appl Math",
   YEAR = "1998",
   MONTH = "Feb",
   VOLUME = "58",
   NUMBER = "1",
   PAGES = "142--169",
   NOTE = ""
}

@ARTICLE{ZahradnikovaZahradnik99,
   AUTHOR = "A. Zahradnikova and I. Zahradnik",
   TITLE = "Analysis of calcium-induced calcium release in cardiac sarcoplasmic reticulum vesicles using models derived from single-channel data.",
   JOURNAL = "Biochim Biophys Acta",
   YEAR = "1999",
   MONTH = "May",
   VOLUME = "1418",
   NUMBER = "2",
   PAGES = "268--284",
   NOTE = ""
}

@ARTICLE{SaftenkuEtal01,
   AUTHOR = "E. Saftenku and A.J. Williams and R. Sitsapesan",
   TITLE = "Markovian models of low and high activity levels of cardiac ryanodine receptors.",
   JOURNAL = "Biophys J",
   YEAR = "2001",
   MONTH = "Jun",
   VOLUME = "80",
   NUMBER = "6",
   PAGES = "2727--2741",
   NOTE = ""
}

@ARTICLE{ZahradnikovaEtal99,
   AUTHOR = "A. Zahradnikova and I. Zahradnik and I. Gyorke and S. Gyorke",
   TITLE = "Rapid activation of the cardiac ryanodine receptor by submillisecond calcium stimuli.",
   JOURNAL = "J Gen Physiol",
   YEAR = "1999",
   MONTH = "Dec",
   VOLUME = "114",
   NUMBER = "6",
   PAGES = "787--798",
   NOTE = ""
}

@BOOK{Crank75, 
   AUTHOR = {J. Crank},            
   TITLE = {The Mathematics of Diffusion, 2nd edition},
   YEAR = {1975},
   PUBLISHER = {Clarendon Press}, 
   ADDRESS = {Oxford},
   ISBN = {}
} 

@BOOK{MortonMayers94, 
   AUTHOR = {K.W. Morton and D.F. Mayers},            
   TITLE = {Numerical Solution of Partial Differential Equations: An Introduction},
   YEAR = {1994},
   PUBLISHER = {Cambridge University Press}, 
   ADDRESS = {Cambridge},
   ISBN = {}
} 

@BOOK{Berg83,
   AUTHOR = {HC Berg},            
   TITLE = {Random Walks in Biology},
   YEAR = {1983},
   PUBLISHER = {Princeton University Press}, 
   ADDRESS = {Princeton, New Jersey},
   ISBN = {}
} 


@ARTICLE{MeinrenkenEtal02,
   AUTHOR = "C.J. Meinrenken and J.G. Borst and B. Sakmann",
   TITLE = "Calcium secretion coupling at calyx of held governed by nonuniform channel-vesicle topography.",
   JOURNAL = "J Neurosci",
   YEAR = "2002",
   MONTH = "Mar",
   VOLUME = "22",
   NUMBER = "5",
   PAGES = "1648--1667",
   NOTE = ""
}

@INPROCEEDINGS{DeSchutterSmolen98, 
   TITLE = {Calcium dynamics in large neuronal models}, 
   AUTHOR = {E DeSchutter and P Smolen},      
   PAGES = {211--250},
   BOOKTITLE = {Methods in Neuronal Modeling: From Ions to Networks, 2nd edition},
   EDITOR = {C Koch and I Segev}, 
   PUBLISHER = {The MIT Press},
   YEAR = {1998},
   ADDRESS = {Cambridge, MA}
}


@ARTICLE{CollinsEtal01, 
   AUTHOR = {TJ Collins and P Lipp and MJ Berridge and MD Bootman},      
   TITLE = {Mitochondrial {\Ca} uptake depends on the spatial and temporal profile of cytosolic {\Ca} signals}, 
   JOURNAL = {J Biol Chem}, 
   VOLUME = {276},
   NUMBER = {28}, 
   PAGES = {26411--20},
   MONTH = {},
   NOTE = {},
   YEAR = {2001} 
}


@ARTICLE{ChoiEtal96, 
   AUTHOR = {OH Choi and JH Kim and JP Kinet},         
   TITLE = {Calcium mobilization via sphingosine kinase in signalling by the {Fc} epsilon {RI} antigen receptor},
   JOURNAL = {Nature}, 
   VOLUME = {380},
   NUMBER = {6575}, 
   PAGES = {634--6},
   MONTH = {},
   NOTE = {},
   YEAR = {1996} 
}


@ARTICLE{SugawaraEtal97, 
   AUTHOR = {H Sugawara and M Kurosaki and M Takata and T Kurosaki},      
   TITLE = {Genetic evidence for involvement of type 1, type 2 and type 3 inositol 1,4,5-trisphosphate receptors in signal transduction through the {B}-cell antigen receptor}, 
   JOURNAL = {EMBO}, 
   VOLUME = {16},
   NUMBER = {11}, 
   PAGES = {3078--88},
   MONTH = {},
   NOTE = {},
   YEAR = {1997} 
}


@ARTICLE{JohnEtal01, 
   AUTHOR = {LM John and M Mosquera-Caro and P Camacho and JD Lechleiter},      
   TITLE = {Control of {\Ip}-mediated {\Ca} puffs in Xenopus laevis oocytes by the {\Ca}-binding protein parvalbumin}, 
   JOURNAL = {J Physiol}, 
   VOLUME = {535},
   NUMBER = {Pt 1}, 
   PAGES = {3--16},
   MONTH = {},
   NOTE = {},
   YEAR = {2001} 
}


@ARTICLE{CamachoLechleiter95, 
   AUTHOR = {P Camacho and JD Lechleiter},            
   TITLE = {Calreticulin inhibits repetitive intracellular {\Ca} waves}, 
   JOURNAL = {Cell}, 
   VOLUME = {82},
   NUMBER = {5}, 
   PAGES = {765--71},
   MONTH = {},
   NOTE = {},
   YEAR = {1995} 
}


@BOOK{CarslawJaeger59,
   AUTHOR = {HS Carslaw and JC Jaeger},            
   TITLE = {Conduction of Heat in Solids, 2nd edition},
   YEAR = {1959},
   PUBLISHER = {Clarendon Press}, 
   ADDRESS = {Oxford},
   ISBN = {}
} 


@ARTICLE{ShermanEtal90, 
   AUTHOR = {A Sherman and J Keizer and J Rinzel},         
   TITLE = {Domain model for {\Ca}-inactivation of {\Ca} channels at low channel density}, 
   JOURNAL = {Biophys J}, 
   VOLUME = {58},
   NUMBER = {4}, 
   PAGES = {985--95},
   MONTH = {},
   NOTE = {},
   YEAR = {1990} 
}


@ARTICLE{WagnerEtal98, 
   AUTHOR = {J Wagner and YX Li and J Pearson and J Keizer},      
   TITLE = {Simulation of the fertilization {\Ca} wave in {X}enopus laevis eggs}, 
   JOURNAL = {Biophys J}, 
   VOLUME = {75},
   NUMBER = {4}, 
   PAGES = {2088--97},
   MONTH = {},
   NOTE = {},
   YEAR = {1998} 
}


@ARTICLE{DupontGoldbeter92, 
   AUTHOR = {G Dupont and A Goldbeter},            
   TITLE = {Oscillations and waves of cytosolic {\Ca}: insights from theoretical models}, 
   JOURNAL = {Bioessays}, 
   VOLUME = {14},
   NUMBER = {7}, 
   PAGES = {485--93},
   MONTH = {},
   NOTE = {},
   YEAR = {1992} 
}


@ARTICLE{DupontEtal91, 
   AUTHOR = {G Dupont and MJ Berridge and A Goldbeter},         
   TITLE = {Signal-induced {\Ca} oscillations: properties of a model based on {\Ca}-induced {\Ca} release}, 
   JOURNAL = {Cell Calcium}, 
   VOLUME = {12},
   NUMBER = {2--3}, 
   PAGES = {73--85},
   MONTH = {},
   NOTE = {},
   YEAR = {1991} 
}


@ARTICLE{DupontGoldbeter94, 
   AUTHOR = {G Dupont and A Goldbeter},            
   TITLE = {Properties of intracellular {\Ca} waves generated by a model based on {\Ca}-induced {\Ca} release}, 
   JOURNAL = {Biophys J}, 
   VOLUME = {67},
   NUMBER = {6}, 
   PAGES = {2191--204},
   MONTH = {},
   NOTE = {},
   YEAR = {1994} 
}


@ARTICLE{GirardEtal92, 
   AUTHOR = {S Girard and A Luckhoff and J Lechleiter and J Sneyd and D Clapham},   
   TITLE = {Two-dimensional model of {\Ca} waves reproduces the patterns observed in {X}enopus oocytes},
   JOURNAL = {Biophys J}, 
   VOLUME = {61},
   NUMBER = {2}, 
   PAGES = {509--17},
   MONTH = {},
   NOTE = {},
   YEAR = {1992} 
}


@ARTICLE{Jafri95, 
   AUTHOR = {MS Jafri},               
   TITLE = {A theoretical study of cytosolic {\Ca} waves in {X}enopus oocytes}, 
   JOURNAL = {J Theor Biol}, 
   VOLUME = {172},
   NUMBER = {3}, 
   PAGES = {209--16},
   MONTH = {},
   NOTE = {},
   YEAR = {1995} 
}


@ARTICLE{JafriKeizer94, 
   AUTHOR = {MS Jafri and J Keizer},            
   TITLE = {Diffusion of inositol 1,4,5-trisphosphate but not {\Ca} is necessary for a class of inositol 1,4,5-trisphosphate-induced {\Ca} waves}, 
   JOURNAL = {Proc Natl Acad Sci {USA}}, 
   VOLUME = {91},
   NUMBER = {20}, 
   PAGES = {9485--9},
   MONTH = {},
   NOTE = {},
   YEAR = {1994} 
}


@ARTICLE{Berridge98, 
   AUTHOR = {MJ Berridge},               
   TITLE = {Neuronal {\Ca} signaling}, 
   JOURNAL = {Neuron}, 
   VOLUME = {21},
   NUMBER = {1}, 
   PAGES = {13--26},
   MONTH = {},
   NOTE = {},
   YEAR = {1998} 
}


@ARTICLE{JafriKeizer95, 
   AUTHOR = {MS Jafri and J Keizer},            
   TITLE = {On the roles of {\Ca} diffusion, {\Ca} buffers, and the endoplasmic reticulum in {\Ip}-induced {\Ca} waves}, 
   JOURNAL = {Biophys J}, 
   VOLUME = {69},
   NUMBER = {5}, 
   PAGES = {2139--53}, 
   MONTH = {},
   NOTE = {},
   YEAR = {1995} 
}


@ARTICLE{NelsonEtal95, 
   AUTHOR = {MT Nelson and H Cheng and M Rubart and LF Santana and AD Bonev and HJ Knot and WJ Lederer}, 
   TITLE = {Relaxation of arterial smooth muscle by {\Ca} sparks}, 
   JOURNAL = {Science}, 
   VOLUME = {270},
   NUMBER = {5236}, 
   PAGES = {633--7}, 
   MONTH = {},
   NOTE = {},
   YEAR = {1995} 
}


@ARTICLE{Niggli99, 
   AUTHOR = {E Niggli},               
   TITLE = {Localized intracellular {\Ca} signaling in muscle: {\Ca} sparks and {\Ca} quarks}, 
   JOURNAL = {Annu Rev Physiol}, 
   VOLUME = {61},
   NUMBER = {}, 
   PAGES = {311--35}, 
   MONTH = {},
   NOTE = {},
   YEAR = {1999} 
}


@ARTICLE{Berridge93, 
   AUTHOR = {MJ Berridge},               
   TITLE = {Inositol trisphosphate and {\Ca} signaling}, 
   JOURNAL = {Nature}, 
   VOLUME = {361},
   NUMBER = {6410}, 
   PAGES = {315--25},
   MONTH = {},
   NOTE = {},
   YEAR = {1993} 
}


@ARTICLE{ChengEtal96, 
   AUTHOR = {H Cheng and MR Lederer and WJ Lederer and MB Cannell},      
   TITLE = {{\Ca} sparks and {\Cai} waves in cardiac myocytes}, 
   JOURNAL = {Am J Physiol}, 
   VOLUME = {270},
   NUMBER = {1 Pt 1}, 
   PAGES = {C148--59}, 
   MONTH = {},
   NOTE = {},
   YEAR = {1996} 
}


@ARTICLE{ChengEtal93, 
   AUTHOR = {H Cheng and WJ Lederer and MB Cannell},         
   TITLE = {{\Ca} sparks: elementary events underlying excitation-contraction coupling in heart muscle}, 
   JOURNAL = {Science}, 
   VOLUME = {262},
   NUMBER = {5134}, 
   PAGES = {740--4},
   MONTH = {},
   NOTE = {},
   YEAR = {1993} 
}


@ARTICLE{Berridge97, 
   AUTHOR = {MJ Berridge},               
   TITLE = {Elementary and global aspects of {\Ca} signalling}, 
   JOURNAL = {J Physiol (London)}, 
   VOLUME = {499},
   NUMBER = {Pt 2}, 
   PAGES = {291--306},
   MONTH = {},
   NOTE = {}, 
   YEAR = {1997} 
}


@ARTICLE{AllbrittonEtal92, 
   AUTHOR = {NL Allbritton and T Meyer and L Stryer},         
   TITLE = {Range of messenger action of {\Ca} ion and inositol 1,4,5-trisphosphate}, 
   JOURNAL = {Science}, 
   VOLUME = {258},
   NUMBER = {5089}, 
   PAGES = {1812--5},
   MONTH = {},
   NOTE = {},
   YEAR = {1992} 
}


@ARTICLE{GabsoEtal97, 
   AUTHOR = {M Gabso and E Neher and ME Spira},         
   TITLE = {Low mobility of the {\Ca} buffers in axons of cultured {A}plysia neurons}, 
   JOURNAL = {Neuron}, 
   VOLUME = {18},
   NUMBER = {3}, 
   PAGES = {473--81},
   MONTH = {},
   NOTE = {},
   YEAR = {1997} 
}


@ARTICLE{SalaHernandez-Cruz90, 
   AUTHOR = {F Sala and A Hernandez-Cruz},            
   TITLE = {{\Ca} diffusion modeling in a spherical neuron. {R}elevance of buffering properties}, 
   JOURNAL = {Biophys J}, 
   VOLUME = {57},
   NUMBER = {2}, 
   PAGES = {313--24},
   MONTH = {},
   NOTE = {},
   YEAR = {1990} 
}


@ARTICLE{DufourEtal97, 
   AUTHOR = {JF Dufour and IM Arias and TJ Turner},         
   TITLE = {Inositol 1,4,5-trisphosphate and {\Ca} regulate the {\Ca} channel function of the hepatic inositol 1,4,5-trisphosphate receptor}, 
   JOURNAL = {J Biol Chem}, 
   VOLUME = {272},
   NUMBER = {5}, 
   PAGES = {2675--81},
   MONTH = {},
   NOTE = {},
   YEAR = {1997} 
}


@ARTICLE{MarchantTaylor97, 
   AUTHOR = {JS Marchant and CW Taylor},            
   TITLE = {Cooperative activation of {\Ip} receptors by sequential binding of {\Ip} and {\Ca} safeguards against spontaneous activity},
   JOURNAL = {Curr Biol}, 
   VOLUME = {7},
   NUMBER = {7}, 
   PAGES = {510--8},
   MONTH = {},
   NOTE = {},
   YEAR = {1997} 
}


@ARTICLE{HajnoczkyThomas97, 
   AUTHOR = {G Hajnoczky and AP Thomas},            
   TITLE = {Minimal requirements for {\Ca} oscillations driven by the {\Ip} receptor}, 
   JOURNAL = {EMBO}, 
   VOLUME = {16},
   NUMBER = {12}, 
   PAGES = {3533--43},
   MONTH = {},
   NOTE = {},
   YEAR = {1997} 
}


@ARTICLE{HajnoczkyThomas94, 
   AUTHOR = {G Hajnoczky and AP Thomas},            
   TITLE = {The inositol trisphosphate {\Ca} channel is inactivated by inositol trisphosphate}, 
   JOURNAL = {Nature}, 
   VOLUME = {370},
   NUMBER = {6489}, 
   PAGES = {474--7},
   MONTH = {},
   NOTE = {},
   YEAR = {1994} 
}


@ARTICLE{BugrimEtal97, 
   AUTHOR = {AE Bugrim and AM Zhabotinsky and IR Epstein},         
   TITLE = {{\Ca} waves in a model with a random spatially discrete distribution of {\Ca} release sites}, 
   JOURNAL = {Biophys J}, 
   VOLUME = {73},
   NUMBER = {6}, 
   PAGES = {2897--906},
   MONTH = {},
   NOTE = {},
   YEAR = {1997} 
}


@ARTICLE{MogamiEtal98, 
   AUTHOR = {H Mogami and AV Tepikin and OH Petersen},         
   TITLE = {Termination of cytosolic {\Ca} signals: {\Ca} reuptake into intracellular stores is regulated by the free {\Ca} concentration in the store lumen},
   JOURNAL = {EMBO}, 
   VOLUME = {17},
   NUMBER = {2}, 
   PAGES = {435--42},
   MONTH = {},
   NOTE = {},
   YEAR = {1998} 
}


@ARTICLE{RiosStern97, 
   AUTHOR = {E Rios and MD Stern},            
   TITLE = {{\Ca} in close quarters: microdomain feedback in excitation-contraction coupling and other cell biological phenomena}, 
   JOURNAL = {Annu Rev Biophys Biomol Struct}, 
   VOLUME = {26},
   NUMBER = {}, 
   PAGES = {47--82},
   MONTH = {},
   NOTE = {},
   YEAR = {1997} 
}


@ARTICLE{Roberts94,
   AUTHOR = {WM Roberts},               
   TITLE = {Localization of {\Ca} signals by a mobile {\Ca} buffer in frog saccular hair cells}, 
   JOURNAL = {Nature}, 
   VOLUME = {14},
   NUMBER = {5 Pt 2}, 
   PAGES = {3246--62},
   MONTH = {},
   NOTE = {},
   YEAR = {1994} 
}


@ARTICLE{Roberts93,
   AUTHOR = {WM Roberts},               
   TITLE = {Spatial {\Ca} buffering in saccular hair cells}, 
   JOURNAL = {Nature}, 
   VOLUME = {363},
   NUMBER = {6424}, 
   PAGES = {74--6},
   MONTH = {},
   NOTE = {},
   YEAR = {1993} 
}


@ARTICLE{Joseph96, 
   AUTHOR = {SK Joseph},               
   TITLE = {The inositol triphosphate receptor family}, 
   JOURNAL = {Cell Signal}, 
   VOLUME = {8},
   NUMBER = {1}, 
   PAGES = {1--7},
   MONTH = {},
   NOTE = {},
   YEAR = {1996} 
}


@BOOK{SetubalMeidanis97, 
   AUTHOR = {J Setubal and J Meidanis},            
   TITLE = {Introduction to computational molecular biology}, 
   PUBLISHER = {PWS Publishing Company},
   ADDRESS = {Boston, MA},
   YEAR = {1997},
   ISBN = {}
}


@BOOK{KeenerSneyd98, 
   AUTHOR = {J Keener and J Sneyd},            
   TITLE = {Mathematical physiology}, 
   PUBLISHER = {Springer},
   ADDRESS = {New York},
   YEAR = {1998},
   ISBN = {}
}


@BOOK{Edelstein-Keshet88, 
   AUTHOR = {L Edelstein-Keshet},               
   TITLE = {Mathematical Models in Biology},
   PUBLISHER = {McGraw-Hill},
   ADDRESS = {Boston, MA},
   YEAR = {1988},
   ISBN = {0-07-554950-6}
}


@BOOK{FallEtal02, 
   AUTHOR = {C Fall and E Marland and J Wagner and J Tyson},      
   TITLE = {Keizer's computational cell},
   PUBLISHER = {Springer-Verlag},
   ADDRESS = {},
   YEAR = {2002},
   ISBN = {}
}


@BOOK{Hille01,
   AUTHOR = {B Hille},               
   TITLE = {Ionic Channels of Excitable Membranes, 3rd edition},
   PUBLISHER = {Sinauer Associates},
   ADDRESS = {Sunderland, MA},
   YEAR = {2001},
   ISBN = {}
}


@BOOK{Weiss96,
   AUTHOR = {TF Weiss},               
   TITLE = {Cellular biophysics},
   PUBLISHER = {MIT Press},
   ADDRESS = {Cambridge, MA},
   YEAR = {1996},
   ISBN = {}
}


@ARTICLE{WilsonEtal98, 
   AUTHOR = {BS Wilson and JR Pfeiffer and AJ Smith and JM Oliver and JA Oberdorf and RJ Wojcikiewicz},
   TITLE = {{\Ca}-dependent clustering of inositol 1,4,5-trisphosphate receptors}, 
   JOURNAL = {Mol Biol Cell}, 
   VOLUME = {9},
   NUMBER = {6}, 
   PAGES = {1465--78},
   MONTH = {},
   NOTE = {},
   YEAR = {1998} 
}


@ARTICLE{ThomasEtal00b, 
   AUTHOR = {D Thomas and SC Tovey and TJ Collins and MB Bootman and MJ Berridge and P Lipp}, 
   TITLE = {A comparison of fluorescent {\Ca} indicator properties and their use in measuring elementary and global {\Ca} signals}, 
   JOURNAL = {Cell Calcium}, 
   VOLUME = {28},
   NUMBER = {4}, 
   PAGES = {213--23},
   MONTH = {},
   NOTE = {},
   YEAR = {2000} 
}


@ARTICLE{ThomasEtal00a, 
   AUTHOR = {D Thomas and P Lipp and SC Tovey and MJ Berridge and W Li and RY Tsien and MD Bootman}, 
   TITLE = {Microscopic properties of elementary {\Ca} release sites in non-excitable cells}, 
   JOURNAL = {Curr Biol}, 
   VOLUME = {10},
   NUMBER = {1}, 
   PAGES = {8--15},
   MONTH = {},
   NOTE = {},
   YEAR = {2000} 
}


@ARTICLE{BootmanLipp99, 
   AUTHOR = {MD Bootman and P Lipp},            
   TITLE = {Ringing changes to the `bell-shaped curve'}, 
   JOURNAL = {Curr Biol}, 
   VOLUME = {9},
   NUMBER = {23}, 
   PAGES = {R876--8},
   MONTH = {},
   NOTE = {},
   YEAR = {1999} 
}


@ARTICLE{KoizumiEtal99b, 
   AUTHOR = {S Koizumi and P Lipp and MJ Berridge and MD Bootman},      
   TITLE = {Regulation of ryanodine receptor opening by lumenal {\Ca} underlies quantal {\Ca} release in PC12 cells}, 
   JOURNAL = {J Biol Chem}, 
   VOLUME = {274},
   NUMBER = {47}, 
   PAGES = {33327--33},
   MONTH = {},
   NOTE = {},
   YEAR = {1999} 
}


@ARTICLE{KoizumiEtal99a, 
   AUTHOR = {S Koizumi and MD Bootman and LK Bobanovic and MJ Schell and MJ Berridge and P Lipp}, 
   TITLE = {Characterization of elementary {\Ca} release signals in NGF-differentiated PC12 cells and hippocampal neurons}, 
   JOURNAL = {Neuron}, 
   VOLUME = {22},
   NUMBER = {1}, 
   PAGES = {125--37},
   MONTH = {},
   NOTE = {},
   YEAR = {1999} 
}


@ARTICLE{BobanovicEtal99, 
   AUTHOR = {F Bobanovic and MD Bootman and MJ Berridge and NA Parkinson and P Lipp}, 
   TITLE = {Elementary {\Cai} signals generated by electroporation functionally mimic those evoked by hormonal stimulation}, 
   JOURNAL = {FASEB J}, 
   VOLUME = {13},
   NUMBER = {2}, 
   PAGES = {365--76},
   MONTH = {},
   NOTE = {},
   YEAR = {1999} 
}


@ARTICLE{ThomasEtal98, 
   AUTHOR = {D Thomas and P Lipp and MJ Berridge and MD Bootman},      
   TITLE = {Hormone-evoked elementary {\Ca} signals are not stereotypic, but reflect activation of different size channel clusters and variable recruitment of channels within a cluster}, 
   JOURNAL = {J Biol Chem}, 
   VOLUME = {273},
   NUMBER = {42}, 
   PAGES = {27130--6},
   MONTH = {},
   NOTE = {},
   YEAR = {1998} 
}


@ARTICLE{LippEtal97, 
   AUTHOR = {P Lipp and D Thomas and MJ Berridge and MD Bootman},      
   TITLE = {Nuclear {\Ca} signalling by individual cytoplasmic {\Ca} puffs}, 
   JOURNAL = {EMBO}, 
   VOLUME = {16},
   NUMBER = {23}, 
   PAGES = {7166--73},
   MONTH = {},
   NOTE = {},
   YEAR = {1997} 
}


@ARTICLE{BootmanEtal97, 
   AUTHOR = {MD Bootman and MJ Berridge and P Lipp},         
   TITLE = {Cooking with {\Ca}: the recipes for composing global signals from elementary events}, 
   JOURNAL = {Cell}, 
   VOLUME = {91},
   NUMBER = {3}, 
   PAGES = {367--73},
   MONTH = {},
   NOTE = {},
   YEAR = {1997} 
}


@ARTICLE{LippBootman97, 
   AUTHOR = {P Lipp and MD Bootman},            
   TITLE = {To quark or to spark, that is the question}, 
   JOURNAL = {J Physiol}, 
   VOLUME = {502},
   NUMBER = {Pt 1}, 
   PAGES = {1},
   MONTH = {},
   NOTE = {},
   YEAR = {1996} 
}


@ARTICLE{Bootman96, 
   AUTHOR = {MD Bootman},               
   TITLE = {Hormone-evoked subcellular {\Ca} signals in {HeLa} cells}, 
   JOURNAL = {Cell Calcium}, 
   VOLUME = {20},
   NUMBER = {2}, 
   PAGES = {97--104},
   MONTH = {},
   NOTE = {},
   YEAR = {1996} 
}


@ARTICLE{BootmanBerridge96, 
   AUTHOR = {MD Bootman and MJ Berridge},            
   TITLE = {Subcellular {\Ca} signals underlying waves and graded responses in {HeLa} cells}, 
   JOURNAL = {Curr Biol}, 
   VOLUME = {6},
   NUMBER = {7}, 
   PAGES = {855--65},
   MONTH = {},
   NOTE = {},
   YEAR = {1996} 
}


@ARTICLE{Stern00, 
   AUTHOR = {MD Stern},               
   TITLE = {The model of Snyder et al. does not simulate graded {\Ca} release from the cardiac sarcoplasmic reticulum in intact cells}, 
   JOURNAL = {Biophys J}, 
   VOLUME = {79},
   NUMBER = {6}, 
   PAGES = {3353--4},
   MONTH = {},
   NOTE = {},
   YEAR = {2000} 
}


@ARTICLE{RiosEtal01, 
   AUTHOR = {E Rios and N Shirokova and WG Kirsch and G Pizarro and MD Stern and H Cheng and A Gonzalez}, 
   TITLE = {A preferred amplitude of {\Ca} sparks in skeletal muscle}, 
   JOURNAL = {Biophys J}, 
   VOLUME = {80},
   NUMBER = {1}, 
   PAGES = {169--83},
   MONTH = {},
   NOTE = {},
   YEAR = {2001} 
}


@ARTICLE{GonzalezEtal00, 
   AUTHOR = {A Gonzalez and WG Kirsch and N Shirokova and G Pizarro and G Brum and IN Pessah and MD Stern and H Cheng and E Rios}, 
   TITLE = {Involvement of multiple intracellular release channels in {\Ca} sparks of skeletal muscle}, 
   JOURNAL = {Proc Natl Acad Sci {USA}},
   VOLUME = {97},
   NUMBER = {8}, 
   PAGES = {4380--5},
   MONTH = {},
   NOTE = {},
   YEAR = {2000} 
}


@ARTICLE{SternEtal99, 
   AUTHOR = {MD Stern and LS Song and H Cheng and JS Sham and HT Yang and KR Boheler and E Rios}, 
   TITLE = {Local control models of cardiac excitation-contraction coupling. A possible role for allosteric interactions between ryanodine receptors}, 
   JOURNAL = {J Gen Physiol}, 
   VOLUME = {113},
   NUMBER = {3},
   PAGES = {469--89},
   MONTH = {},
   NOTE = {},
   YEAR = {1999} 
}


@ARTICLE{ShirokovaEtal99, 
   AUTHOR = {N Shirokova and A Gonzalez and WG Kirsch and E Rios and G Pizarro and MD Stern and H Cheng}, 
   TITLE = {{\Ca} sparks: release packets of uncertain origin and fundamental role}, 
   JOURNAL = {J Gen Physiol}, 
   VOLUME = {113},
   NUMBER = {3},
   PAGES = {377--84},
   MONTH = {},
   NOTE = {},
   YEAR = {1999} 
}


@ARTICLE{SongEtal97, 
   AUTHOR = {LS Song and MD Stern and EG Lakatta and H Cheng},      
   TITLE = {Partial depletion of sarcoplasmic reticulum {\Ca} does not prevent {\Ca} sparks in rat ventricular myocytes}, 
   JOURNAL = {J Physiol}, 
   VOLUME = {505},
   NUMBER = {Pt 3},
   PAGES = {665--75},
   MONTH = {},
   NOTE = {},
   YEAR = {1997} 
}


@ARTICLE{Stern96a, 
   AUTHOR = {MD Stern},               
   TITLE = {``Adaptive'' behavior of ligand-gated ion channels: constraints by thermodynamics}, 
   JOURNAL = {Biophys J}, 
   VOLUME = {70},
   NUMBER = {5},
   PAGES = {2100--9},
   MONTH = {},
   NOTE = {},
   YEAR = {1996} 
}

@ARTICLE{Stern92b,
   AUTHOR = "M.D. Stern",
   TITLE = "Theory of excitation-contraction coupling in cardiac
muscle.",
   JOURNAL = "Biophys J",
   YEAR = "1992",
   MONTH = "Aug",
   VOLUME = "63",
   NUMBER = "2",
   PAGES = "497--517",
   NOTE = ""
}

@ARTICLE{JanczewskiEtal95, 
   AUTHOR = {AM Janczewski and HA Spurgeon and MD Stern and EG Lakatta},      
   TITLE = {Effects of sarcoplasmic reticulum {\Ca} load on the gain function of {\Ca} release by {\Ca} current in cardiac cells}, 
   JOURNAL = {Am J Physiol}, 
   VOLUME = {268},
   NUMBER = {2 Pt 2},
   PAGES = {H916--20},
   MONTH = {},
   NOTE = {},
   YEAR = {1995} 
}


@ARTICLE{Stern92, 
   AUTHOR = {MD Stern},               
   TITLE = {Buffering of {\Ca} in the vicinity of a channel pore}, 
   JOURNAL = {Cell Calcium}, 
   VOLUME = {13},
   NUMBER = {3},
   PAGES = {183--92},
   MONTH = {},
   NOTE = {},
   YEAR = {1992} 
}


@ARTICLE{MchikawaEtal99, 
   AUTHOR = {T Michikawa and J Hirota and S Kawano and M Hiraoka and M Yamada and T Furuichi and K Mikoshiba}, 
   TITLE = {Calmodulin mediates {\Ca}-dependent inactivation of the cerebellar type 1 inositol 1,4,5-trisphosphate receptor}, 
   JOURNAL = {Neuron}, 
   VOLUME = {23},
   NUMBER = {4},
   PAGES = {799--808},
   MONTH = {},
   NOTE = {},
   YEAR = {1994} 
}


@ARTICLE{Maranto94, 
   AUTHOR = {AR Maranto},               
   TITLE = {Primary structure, ligand binding, and localization of the human type 3 inositol 1,4,5-trisphosphate receptor expressed in intestinal epithelium}, 
   JOURNAL = {J Biol Chem}, 
   VOLUME = {269},
   NUMBER = {2},
   PAGES = {1222--30},
   MONTH = {},
   NOTE = {},
   YEAR = {1994} 
}


@ARTICLE{SudhofEtal91, 
   AUTHOR = {TC Sudhof and CL Newton and BT Archer 3rd Ushkaryov and YA Mignery and GA }, 
   TITLE = {Structure of a novel {\Ip} receptor}, 
   JOURNAL = {EMBO}, 
   VOLUME = {10},
   NUMBER = {11},
   PAGES = {3199--206},
   MONTH = {},
   NOTE = {},
   YEAR = {1991} 
}


@ARTICLE{DeLisleEtal96, 
   AUTHOR = {S DeLisle and O Blondel and FJ Longo and WE Schnabel and GI Bell and MJ Welsh}, 
   TITLE = {Expression of inositol 1,4,5-trisphosphate receptors changes the {\Ca} signal of {X}enopus oocytes}, 
   JOURNAL = {Am J Physiol}, 
   VOLUME = {270},
   NUMBER = {4 Pt 1},
   PAGES = {C1255--61},
   MONTH = {},
   NOTE = {},
   YEAR = {1996} 
}


@ARTICLE{BlondelEtal93, 
   AUTHOR = {O Blondel and J Takeda and H Janssen and S Seino and GI Bell},   
   TITLE = {Sequence and functional characterization of a third inositol trisphosphate receptor subtype, {\Ipr}-3, expressed in pancreatic islets, kidney, gastrointestinal tract, and other tissues},
   JOURNAL = {J Biol Chem}, 
   VOLUME = {268},
   NUMBER = {15},
   PAGES = {11356--63},
   MONTH = {},
   NOTE = {},
   YEAR = {1993} 
}


@ARTICLE{ParkerEtal96a, 
   AUTHOR = {I Parker and J Choi and Y Yao},         
   TITLE = {Elementary events of {\Ip}-induced {\Ca} liberation in {X}enopus oocytes: hot spots, puffs and blips}, 
   JOURNAL = {Cell Calcium}, 
   VOLUME = {20},
   NUMBER = {2},
   PAGES = {105--21},
   MONTH = {},
   NOTE = {},
   YEAR = {1996} 
}


@ARTICLE{ParkerEtal96b, 
   AUTHOR = {I Parker and WJ Zang and WG Wier},         
   TITLE = {{\Ca} sparks involving multiple {\Ca} release sites along Z-lines in rat heart cells}, 
   JOURNAL = {J Physiol}, 
   VOLUME = {497},
   NUMBER = {Pt 1},
   PAGES = {31--8},
   MONTH = {},
   NOTE = {},
   YEAR = {1996} 
}


@ARTICLE{ParkerWier97, 
   AUTHOR = {I Parker and WG Wier},            
   TITLE = {Variability in frequency and characteristics of {\Ca} sparks at different release sites in rat ventricular myocytes}, 
   JOURNAL = {J Physiol}, 
   VOLUME = {505},
   NUMBER = {Pt 2},
   PAGES = {337--44},
   MONTH = {},
   NOTE = {},
   YEAR = {1997} 
}


@ARTICLE{SunEtal98, 
   AUTHOR = {XP Sun and N Callamaras and JS Marchant and I Parker},      
   TITLE = {A continuum of {\Ip}-mediated elementary {\Ca} signalling events in {X}enopus oocytes}, 
   JOURNAL = {J Physiol}, 
   VOLUME = {509},
   NUMBER = {Pt 1},
   PAGES = {67--80},
   MONTH = {},
   NOTE = {},
   YEAR = {1998} 
}


@ARTICLE{CallamarasEtal98b, 
   AUTHOR = {N Callamaras and JS Marchant and XP Sun and I Parker},      
   TITLE = {Activation and co-ordination of {\Ip}-mediated elementary {\Ca} events during global {\Ca} signals in {X}enopus oocytes}, 
   JOURNAL = {J Physiol}, 
   VOLUME = {509},
   NUMBER = {Pt 1},
   PAGES = {81--91},
   MONTH = {},
   NOTE = {},
   YEAR = {1998} 
}


@ARTICLE{CallamarasEtal98a, 
   AUTHOR = {N Callamaras and XP Sun and I Ivorra and I Parker},      
   TITLE = {Hemispheric asymmetry of macroscopic and elementary {\Ca} signals mediated by {\Ip} in {X}enopus oocytes}, 
   JOURNAL = {J Physiol}, 
   VOLUME = {511},
   NUMBER = {Pt 2},
   PAGES = {395--405},
   MONTH = {},
   NOTE = {},
   YEAR = {1998} 
}


@ARTICLE{MarchantParker98, 
   AUTHOR = {JS Marchant and I Parker},            
   TITLE = {Kinetics of elementary {\Ca} puffs evoked in {X}enopus oocytes by different {Ins(1,4,5)P3} receptor agonists}, 
   JOURNAL = {Biochem J}, 
   VOLUME = {334},
   NUMBER = {Pt 3},
   PAGES = {505--9},
   MONTH = {},
   NOTE = {},
   YEAR = {1998} 
}


@ARTICLE{CallamarasParker99, 
   AUTHOR = {N Callamaras and I Parker},            
   TITLE = {Radial localization of inositol 1,4,5-trisphosphate-sensitive {\Ca} release sites in {X}enopus oocytes resolved by axial confocal linescan imaging}, 
   JOURNAL = {J Gen Physiol}, 
   VOLUME = {113},
   NUMBER = {2},
   PAGES = {199--213},
   MONTH = {},
   NOTE = {},
   YEAR = {1999} 
}


@ARTICLE{MarchantEtal99, 
   AUTHOR = {J Marchant and N Callamaras and I Parker},         
   TITLE = {Initiation of {\Ip}-mediated {\Ca} waves in {X}enopus oocytes}, 
   JOURNAL = {EMBO}, 
   VOLUME = {18},
   NUMBER = {19},
   PAGES = {5285--99},
   MONTH = {},
   NOTE = {},
   YEAR = {1999} 
}


@ARTICLE{CallamarasParker00, 
   AUTHOR = {N Callamaras and I Parker},            
   TITLE = {Phasic characteristic of elementary {\Ca} release sites underlies quantal responses to {\Ip}}, 
   JOURNAL = {EMBO}, 
   VOLUME = {19},
   NUMBER = {14},
   PAGES = {3608--17},
   MONTH = {},
   NOTE = {},
   YEAR = {2000} 
}


@ARTICLE{MarchantParker00, 
   AUTHOR = {JS Marchant and I Parker},            
   TITLE = {Functional interactions in {\Ca} signaling over different time and distance scales}, 
   JOURNAL = {J Gen Physiol}, 
   VOLUME = {116},
   NUMBER = {5},
   PAGES = {691--6},
   MONTH = {},
   NOTE = {},
   YEAR = {2000} 
}


@ARTICLE{MarchantParker01, 
   AUTHOR = {JS Marchant and I Parker},            
   TITLE = {Role of elementary {\Ca} puffs in generating repetitive {\Ca} oscillations}, 
   JOURNAL = {EMBO}, 
   VOLUME = {20},
   NUMBER = {1--2},
   PAGES = {65--76},
   MONTH = {},
   NOTE = {},
   YEAR = {2001} 
}


@ARTICLE{MakEtal01c, 
   AUTHOR = {DO Mak and S McBride and JK Foskett},         
   TITLE = {{ATP} regulation of recombinant type 3 inositol 1,4,5-trisphosphate receptor gating}, 
   JOURNAL = {J Gen Physiol}, 
   VOLUME = {117},
   NUMBER = {5},
   PAGES = {447--56},
   MONTH = {},
   NOTE = {},
   YEAR = {2001} 
}


@ARTICLE{MakEtal01b, 
   AUTHOR = {DO Mak and S McBride and JK Foskett},         
   TITLE = {Regulation by {\Ca} and Inositol 1,4,5-Trisphosphate ({\Ip}) of Single Recombinant Type 3 {\Ip} Receptor Channels.}, 
   JOURNAL = {J Gen Physiol}, 
   VOLUME = {117},
   NUMBER = {5},
   PAGES = {435--46},
   MONTH = {},
   NOTE = {},
   YEAR = {2001} 
}


@ARTICLE{MakEtal01a, 
   AUTHOR = {DO Mak and S McBride and JK Foskett},         
   TITLE = {ATP-dependent Adenophostin Activation of Inositol 1,4,5-Trisphosphate Receptor Channel Gating. Kinetic implications for the durations of {\Ca} puffs in cells}, 
   JOURNAL = {J Gen Physiol}, 
   VOLUME = {117},
   NUMBER = {4},
   PAGES = {299--314},
   MONTH = {},
   NOTE = {},
   YEAR = {2001} 
}


@ARTICLE{MakEtal00, 
   AUTHOR = {DO Mak and S McBride and V Raghuram and Y Yue and SK Joseph and JK Foskett},
   TITLE = {Single-channel properties in endoplasmic reticulum membrane of recombinant type 3 inositol trisphosphate receptor}, 
   JOURNAL = {J Gen Physiol}, 
   VOLUME = {115},
   NUMBER = {3},
   PAGES = {241--56},
   MONTH = {},
   NOTE = {},
   YEAR = {2000} 
}


@ARTICLE{MakEtal99, 
   AUTHOR = {DO Mak and S McBride and JK Foskett},         
   TITLE = {ATP regulation of type 1 inositol 1,4,5-trisphosphate receptor channel gating by allosteric tuning of {\Ca} activation}, 
   JOURNAL = {J Biol Chem}, 
   VOLUME = {274},
   NUMBER = {32},
   PAGES = {22231--7},
   MONTH = {},
   NOTE = {},
   YEAR = {1999} 
}


@ARTICLE{MakEtal98, 
   AUTHOR = {DO Mak and S McBride and JK Foskett},         
   TITLE = {Inositol 1,4,5-trisphosphate activation of inositol trisphosphate receptor {\Ca} channel by ligand tuning of {\Ca} inhibition}, 
   JOURNAL = {Proc Natl Acad Sci {USA}}, 
   VOLUME = {95},
   NUMBER = {26},
   PAGES = {15821--5},
   MONTH = {},
   NOTE = {},
   YEAR = {1998} 
}


@ARTICLE{MakFoskett98, 
   AUTHOR = {DO Mak and JK Foskett},            
   TITLE = {Effects of divalent cations on single-channel conduction properties of {X}enopus {\Ip} receptor}, 
   JOURNAL = {Am J Physiol}, 
   VOLUME = {275},
   NUMBER = {1 Pt 1},
   PAGES = {C179--88},
   MONTH = {},
   NOTE = {},
   YEAR = {1998} 
}


@ARTICLE{MakFoskett97, 
   AUTHOR = {DO Mak and JK Foskett},            
   TITLE = {Single-channel kinetics, inactivation, and spatial distribution of inositol trisphosphate ({\Ip}) receptors in {X}enopus oocyte nucleus}, 
   JOURNAL = {J Gen Physiol}, 
   VOLUME = {109},
   NUMBER = {5},
   PAGES = {571--87},
   MONTH = {},
   NOTE = {},
   YEAR = {1997} 
}


@ARTICLE{MakFoskett94, 
   AUTHOR = {DO Mak and JK Foskett},            
   TITLE = {Single-channel inositol 1,4,5-trisphosphate receptor currents revealed by patch clamp of isolated {X}enopus oocyte nuclei}, 
   JOURNAL = {J Biol Chem}, 
   VOLUME = {269},
   NUMBER = {47},
   PAGES = {29375--8},
   MONTH = {},
   NOTE = {},
   YEAR = {1994} 
}


@ARTICLE{Ramos-FrancoEtal00, 
   AUTHOR = {J Ramos-Franco and D Bare and S Caenepeel and A Nani and M Fill and G Mignery},
   TITLE = {Single-channel function of recombinant type 2 inositol 1,4, 5-trisphosphate receptor}, 
   JOURNAL = {Biophys J}, 
   VOLUME = {79},
   NUMBER = {3},
   PAGES = {1388--99},
   MONTH = {},
   NOTE = {},
   YEAR = {2000} 
}


@ARTICLE{Ramos-FrancoEtal99, 
   AUTHOR = {J Ramos-Franco and D Galvan and GA Mignery and M Fill},      
   TITLE = {Location of the permeation pathway in the recombinant type 1 inositol 1,4,5-trisphosphate receptor}, 
   JOURNAL = {J Gen Physiol}, 
   VOLUME = {114},
   NUMBER = {2},
   PAGES = {243--50},
   MONTH = {},
   NOTE = {},
   YEAR = {1999} 
}


@ARTICLE{Ramos-FrancoEtal98b, 
   AUTHOR = {J Ramos-Franco and S Caenepeel and M Fill and G Mignery},      
   TITLE = {Single channel function of recombinant type-1 inositol 1,4,5-trisphosphate receptor ligand binding domain splice variants}, 
   JOURNAL = {Biophys J}, 
   VOLUME = {75},
   NUMBER = {6},
   PAGES = {2783--93},
   MONTH = {},
   NOTE = {},
   YEAR = {1998} 
}


@ARTICLE{Ramos-FrancoEtal98a, 
   AUTHOR = {J Ramos-Franco and M Fill and GA Mignery},         
   TITLE = {Isoform-specific function of single inositol 1,4,5-trisphosphate receptor channels}, 
   JOURNAL = {Biophys J}, 
   VOLUME = {75},
   NUMBER = {2},
   PAGES = {834--9},
   MONTH = {},
   NOTE = {},
   YEAR = {1998} 
}


@ARTICLE{SwattonEtal99, 
   AUTHOR = {JE Swatton and SA Morris and TJ Cardy and CW Taylor},      
   TITLE = {Type 3 inositol trisphosphate receptors in RINm5F cells are biphasically regulated by cytosolic {\Ca} and mediate quantal {\Ca} mobilization}, 
   JOURNAL = {Biochem J}, 
   VOLUME = {344},
   NUMBER = {Pt 1},
   PAGES = {55--60},
   MONTH = {},
   NOTE = {},
   YEAR = {1999} 
}


@ARTICLE{HagarEtal98, 
   AUTHOR = {RE Hagar and AD Burgstahler and MH Nathanson and BE Ehrlich},      
   TITLE = {Type {III} {\Ip} receptor channel stays open in the presence of increased {\Ca}}, 
   JOURNAL = {Nature}, 
   VOLUME = {396},
   NUMBER = {6706},
   PAGES = {81--4},
   MONTH = {},
   NOTE = {},
   YEAR = {1998} 
}


@ARTICLE{HagarEhrlich00b, 
   AUTHOR = {RE Hagar and BE Ehrlich},            
   TITLE = {Regulation of the type {III} {\Ip} receptor and its role in beta cell function}, 
   JOURNAL = {Cell Mol Life Sci}, 
   VOLUME = {57},
   NUMBER = {13--14},
   PAGES = {1938--49},
   MONTH = {},
   NOTE = {},
   YEAR = {2000} 
}


@ARTICLE{HagarEhrlich00a, 
   AUTHOR = {RE Hagar and BE Ehrlich},            
   TITLE = {Regulation of the type {III} {\Ip} receptor by {\Ip} and ATP}, 
   JOURNAL = {Biophys J}, 
   VOLUME = {79},
   NUMBER = {1},
   PAGES = {271--8},
   MONTH = {},
   NOTE = {},
   YEAR = {2000} 
}


@ARTICLE{AtriEtal93, 
   AUTHOR = {A Atri and J Amundson and D Clapham and J Sneyd},      
   TITLE = {A single-pool model for intracellular {\Ca} oscillations and waves in the {X}enopus laevis oocyte}, 
   JOURNAL = {Biophys J}, 
   VOLUME = {65},
   NUMBER = {4},
   PAGES = {1727--39},
   MONTH = {},
   NOTE = {},
   YEAR = {1993} 
}


@ARTICLE{Bezprozvanny94, 
   AUTHOR = {I Bezprozvanny},               
   TITLE = {Theoretical analysis of {\Ca} wave propagation based on inositol (1,4,5)-trisphosphate receptor functional properties}, 
   JOURNAL = {Cell Calcium}, 
   VOLUME = {16},
   NUMBER = {3},
   PAGES = {151--66},
   MONTH = {},
   NOTE = {},
   YEAR = {1994} 
}


@ARTICLE{NathansonEtal94, 
   AUTHOR = {MH Nathanson and MB Fallon and PJ Padfield and AR Maranto},      
   TITLE = {Localization of the type 3 inositol 1,4,5-trisphosphate receptor in the {\Ca} wave trigger zone of pancreatic acinar cells}, 
   JOURNAL = {J Biol Chem}, 
   VOLUME = {269},
   NUMBER = {7},
   PAGES = {4693--6},
   MONTH = {},
   NOTE = {},
   YEAR = {1994} 
}


@ARTICLE{LeBeauEtal99, 
   AUTHOR = {AP LeBeau and DI Yule and GE Groblewski and J Sneyd},      
   TITLE = {Agonist-dependent phosphorylation of the inositol 1,4,5-trisphosphate receptor: A possible mechanism for agonist-specific
calcium oscillations in pancreatic acinar cells},
   JOURNAL = {J Gen Physiol}, 
   VOLUME = {113},
   NUMBER = {6},
   PAGES = {851--72},
   MONTH = {},
   NOTE = {},
   YEAR = {1999} 
}


@ARTICLE{MoraruEtal99, 
   AUTHOR = {II Moraru and EJ Kaftan and BE Ehrlich and J Watras},      
   TITLE = {Regulation of type 1 inositol 1,4,5-trisphosphate-gated {\Ca} channels by {\Ip} and {\Ca}: Simulation of single channel kinetics based on ligand binding and electrophysiological analysis}, 
   JOURNAL = {J Gen Physiol}, 
   VOLUME = {113},
   NUMBER = {6},
   PAGES = {837--49},
   MONTH = {},
   NOTE = {},
   YEAR = {1999} 
}


@ARTICLE{KaftanEtal97, 
   AUTHOR = {EJ Kaftan and BE Ehrlich and J Watras},         
   TITLE = {Inositol 1,4,5-trisphosphate ({\Ip}) and {\Ca} interact to increase the dynamic range of {\Ip} receptor-dependent {\Ca} signaling}, 
   JOURNAL = {J Gen Physiol}, 
   VOLUME = {110},
   NUMBER = {5},
   PAGES = {529--38},
   MONTH = {},
   NOTE = {},
   YEAR = {1997} 
}


@ARTICLE{TangEtal96, 
   AUTHOR = {Y Tang and JL Stephenson and HG Othmer},         
   TITLE = {Simplification and analysis of models of {\Ca} dynamics based on {\Ip}-sensitive {\Ca} channel kinetics}, 
   JOURNAL = {Biophys J}, 
   VOLUME = {70},
   NUMBER = {1},
   PAGES = {246--263},
   MONTH = {},
   NOTE = {},
   YEAR = {1995} 
}


@ARTICLE{BezprozvannyEhrlich95, 
   AUTHOR = {I Bezprozvanny and BE Ehrlich},            
   TITLE = {The inositol 1,4,5-trisphosphate receptor}, 
   JOURNAL = {J Membr Biol}, 
   VOLUME = {145},
   NUMBER = {3},
   PAGES = {205--16},
   MONTH = {},
   NOTE = {},
   YEAR = {1995} 
}


@ARTICLE{BezprozvannyEhrlich94, 
   AUTHOR = {I Bezprozvanny and BE Ehrlich},            
   TITLE = {Inositol (1,4,5)-trisphosphate ({\Ip})-gated {\Ca} channels from cerebellum: conduction properties for divalent cations and regulation by intraluminal {\Ca}}, 
   JOURNAL = {J Gen Physiol}, 
   VOLUME = {104},
   NUMBER = {5},
   PAGES = {821--56},
   MONTH = {},
   NOTE = {},
   YEAR = {1994} 
}


@ARTICLE{BezprozvannyEtal91, 
   AUTHOR = {I Bezprozvanny and J Watras and BE Ehrlich},         
   TITLE = {Bell-shaped {\Ca}-response curves of {Ins(1,4,5)P3}- and {\Ca}-gated channels from endoplasmic reticulum of cerebellum}, 
   JOURNAL = {Nature}, 
   VOLUME = {351},
   NUMBER = {6329},
   PAGES = {751--4},
   MONTH = {},
   NOTE = {},
   YEAR = {1991} 
}


@BOOK{Hille92,
   AUTHOR = {B Hille},               
   TITLE = {Ionic Channels of Excitable Membranes},
   PUBLISHER = {Sinauer Associates},
   ADDRESS = {Sunderland, MA},
   YEAR = {1992},
   ISBN = {0-87893-323-9}
}


@ARTICLE{JosephEtal89, 
   AUTHOR = {SK Joseph and HL Rice and JR Williamson},         
   TITLE = {The effect of external {\Ca} and {pH} 
   on inositol trisphosphate-mediated {\Ca} release from cerebellum microsomal fractions}, 
   JOURNAL = {Biochem J}, 
   VOLUME = {258},
   NUMBER = {1},
   PAGES = {261--5},
   MONTH = {},
   NOTE = {},
   YEAR = {1989} 
}


@ARTICLE{KeizerEtal95, 
   AUTHOR = {J Keizer and YX Li and S Stojilkovic and J Rinzel},      
   TITLE = {{\Ip}-induced {\Ca} excitability of the 
   endoplasmic reticulum}, 
   JOURNAL = {Mol Biol Cell}, 
   VOLUME = {6},
   NUMBER = {8},
   PAGES = {945--51},
   MONTH = {},
   NOTE = {},
   YEAR = {1995} 
}


@ARTICLE{LiEtal94, 
   AUTHOR = {YX Li and J Rinzel and J Keizer and SS Stojilkovic},      
   TITLE = {{\Ca} oscillations in pituitary gonadotrophs: comparison of experiment and theory}, 
   JOURNAL = {Proc Natl Acad Sci {USA}}, 
   VOLUME = {91},
   NUMBER = {1},
   PAGES = {58--62},
   MONTH = {},
   NOTE = {},
   YEAR = {1994} 
}


@ARTICLE{LiEtal95a, 
   AUTHOR = {YX Li and J Keizer and SS Stojilkovic and J Rinzel},      
   TITLE = {{\Ca} excitability of the {ER} membrane: an explanation for {\Ip}-induced {\Ca} oscillations},
   JOURNAL = {Am J Physiol},  
   VOLUME = {269},
   NUMBER = {5 Pt 1},
   PAGES = {C1079--92},
   MONTH = {},
   NOTE = {},
   YEAR = {1995} 
}


@ARTICLE{LiEtal95b, 
   AUTHOR = {YX Li and J Rinzel and L Vergara and SS Stojilkovic},      
   TITLE = {Spontaneous electrical and {\Ca} oscillations in unstimulated pituitary gonadotrophs}, 
   JOURNAL = {Biophys J},  
   VOLUME = {69},
   NUMBER = {3},
   PAGES = {785--95},
   MONTH = {},
   NOTE = {},
   YEAR = {1995} 
}

@ARTICLE{LiEtal97,
   AUTHOR = "Y.X. Li and S.S. Stojilkovic and J. Keizer and J. Rinzel",
   TITLE = "Sensing and refilling calcium stores in an excitable cell.",
   JOURNAL = "Biophys J",
   YEAR = "1997",
   MONTH = "Mar",
   VOLUME = "72",
   NUMBER = "3",
   PAGES = "1080--1091",
   NOTE = ""
}


@ARTICLE{LiRinzel94, 
   AUTHOR = {YX Li and J Rinzel},            
   TITLE = {Equations for {\Ipr}-mediated {\Cai} oscillations derived from a detailed kinetic model: a {H}odgkin-{H}uxley like formalism}, 
   JOURNAL = {J Theor Biol},  
   VOLUME = {166},
   NUMBER = {4},
   PAGES = {461--73},
   MONTH = {},
   NOTE = {},
   YEAR = {1994} 
}


@ARTICLE{ParkerIvorra90,
   AUTHOR = {I Parker and I Ivorra},            
   TITLE = {Inhibition by {\Ca} of inositol trisphosphate-mediated {\Ca} liberation: a possible mechanism for oscillatory release of {\Ca}},
   JOURNAL = {Proc Natl Acad Sci {USA}}, 
   VOLUME = {87},
   NUMBER = {1},
   PAGES = {260--4},
   MONTH = {},
   NOTE = {},
   YEAR = {1990} 
}


@ARTICLE{ParkerYao96,
   AUTHOR = {I Parker and Y Yao},            
   TITLE = {{\Ca} transients associated with openings of inositol trisphosphate-gated channels in {X}enopus oocytes}, 
   JOURNAL = {J Physiol}, 
   VOLUME = {491},
   NUMBER = {Pt 3},
   PAGES = {663--8},
   MONTH = {},
   NOTE = {},
   YEAR = {1996} 
}


@ARTICLE{YaoEtal95,
   AUTHOR = {Y Yao and J Choi and I Parker},         
   TITLE = {Quantal puffs of intracellular {\Ca} evoked by inositol trisphosphate in {X}enopus oocytes}, 
   JOURNAL = {J Physiol}, 
   VOLUME = {482},
   NUMBER = {Pt 3},
   PAGES = {533--53},
   MONTH = {},
   NOTE = {},
   YEAR = {1995} 
}


@ARTICLE{SwillensEtal98,
   AUTHOR = {S Swillens and P Champeil and L Combettes and G Dupont},      
   TITLE = {Stochastic simulation of a single inositol 1,4,5-trisphosphate-sensitive {\Ca} channel reveals repetitive openings during `blip-like' {\Ca}
   transients},
   JOURNAL = {Cell Calcium}, 
   VOLUME = {23},
   NUMBER = {5},
   PAGES = {291--302},
   MONTH = {},
   NOTE = {},
   YEAR = {1998} 
}


@ARTICLE{KeizerLevine96,
   AUTHOR = {J Keizer and L Levine},            
   TITLE = {Ryanodine receptor adaptation and {\Ca}-induced {\Ca} 
   release-dependent {\Ca} oscillations}, 
   JOURNAL = {Biophys J}, 
   VOLUME = {71},
   NUMBER = {6},
   PAGES = {3477--87},
   MONTH = {},
   NOTE = {},
   YEAR = {1996} 
}


@ARTICLE{KeizerDeYoung93,
   AUTHOR = {J Keizer and GW {De~Young}},            
   TITLE = {Effect of voltage-gated plasma membrane {\Ca} 
   fluxes on {\Ip}-linked {\Ca} oscillations}, 
   JOURNAL = {Cell Calcium}, 
   VOLUME = {14},
   NUMBER = {5},
   PAGES = {397--410},
   MONTH = {},
   NOTE = {},
   YEAR = {1993} 
}


@ARTICLE{KeizerDeYoung92,
   AUTHOR = {J Keizer and GW {De~Young}},            
   TITLE = {Two roles of {\Ca} in agonist stimulated {\Ca} 
   oscillations}, 
   JOURNAL = {Biophys J}, 
   VOLUME = {61},
   NUMBER = {3},
   PAGES = {649--60},
   MONTH = {},
   NOTE = {},
   YEAR = {1992} 
}


@ARTICLE{DeYoungKeizer92, 
   AUTHOR = {GW {De~Young} and J Keizer},            
   TITLE = {A single-pool inositol 1,4,5-trisphosphate-receptor-based model for agonist-stimulated oscillations in {\Ca} concentration}, 
   JOURNAL = {Proc Natl Acad Sci {USA}}, 
   VOLUME = {89},
   NUMBER = {20},
   PAGES = {9895--9},
   MONTH = {},
   NOTE = {},
   YEAR = {1992} 
}


@ARTICLE{JaniakEtal01, 
   AUTHOR = {R Janiak and SM Wilson and S Montague and JR Hume},      
   TITLE = {Heterogeneity of {\Ca} stores and elementary release events in canine pulmonary arterial smooth muscle cells}, 
   JOURNAL = {Am J Physiol Cell Physiol}, 
   VOLUME = {280},
   NUMBER = {1},
   PAGES = {C22--33},
   MONTH = {},
   NOTE = {},
   YEAR = {2001} 
}


@ARTICLE{JafriEtal98, 
   AUTHOR = {MS Jafri and JJ Rice and RL Winslow},         
   TITLE = {Cardiac {\Ca} dynamics: the roles of ryanodine 
   receptor adaptation and sarcoplasmic reticulum load}, 
   JOURNAL = {Biophys J}, 
   VOLUME = {74},
   NUMBER = {3},
   PAGES = {1149--68},
   MONTH = {},
   NOTE = {},
   YEAR = {1998} 
}


@ARTICLE{FalckeEtal00, 
   AUTHOR = {M Falcke and L Tsimring and H Levine},         
   TITLE = {Stochastic spreading of intracellular {\Ca} release}, 
   JOURNAL = {Phys Rev E Stat Phys Plasmas 
   Fluids Relat Interdiscip Topics}, 
   VOLUME = {62},
   NUMBER = {2 Pt B},
   PAGES = {2636--2643},
   MONTH = {},
   NOTE = {},
   YEAR = {2000} 
}


@ARTICLE{PratusevichBalke96,
   AUTHOR = {VR Pratusevich and CW Balke},            
   TITLE = {Factors shaping the confocal image of the {\Ca} spark in cardiac muscle cells}, 
   JOURNAL = {Biophys J},
   VOLUME = {71},
   NUMBER = {6},
   PAGES = {2942--2957},
   MONTH = {},
   NOTE = {},
   YEAR = {1996} 
}


@ARTICLE{NaraghiNeher97, 
   AUTHOR = {M Naraghi and E Neher},            
   TITLE = {Linearized buffered {\Ca} diffusion in microdomains and its implications for calculation of [{\Ca}] at the mouth of a {\Ca} channel},
   JOURNAL = {J Neurosci}, 
   VOLUME = {17},
   NUMBER = {18},
   PAGES = {6961},
   MONTH = {6973},
   NOTE = {},
   YEAR = {1997}
}

J Neurosci. 1997 Sep 15;17(18):6961-73. 


@ARTICLE{Neher86, 
   AUTHOR = {E Neher},               
   TITLE = {Concentration profiles of intracellular {\Ca} 
   in the presence of diffusible chelator}, 
   JOURNAL = {Exp Brain Res}, 
   VOLUME = {14},
   NUMBER = {},
   PAGES = {80--96},
   MONTH = {},
   NOTE = {},
   YEAR = {1986} 
}


@ARTICLE{Neher98a, 
   AUTHOR = {E Neher},               
   TITLE = {Vesicle pools and {\Ca} microdomains: new tools for understanding their roles in neurotransmitter release}, 
   JOURNAL = {Neuron},
   VOLUME = {20},
   NUMBER = {3},
   PAGES = {389},
   MONTH = {399},
   NOTE = {},
   YEAR = {1998} 
}

@ARTICLE{Neher98b, 
   AUTHOR = {E Neher},               
   TITLE = {Usefulness and limitations of linear approximations to the understanding of {\Ca} signals}, 
   JOURNAL = {Cell Calcium}, 
   VOLUME = {24},
   NUMBER = {},
   PAGES = {345},
   MONTH = {},
   NOTE = {},
   YEAR = {1998} 
}


@ARTICLE{SneydEtal98, 
   AUTHOR = {J Sneyd and PD Dale and A Duffy},         
   TITLE = {Traveling waves in buffered systems: applications to {\Ca} waves}, 
   JOURNAL = {SIAM J Applied Math},
   VOLUME = {58},
   NUMBER = {},
   PAGES = {1178--1192},
   MONTH = {},
   NOTE = {},
   YEAR = {1998} 
}


@ARTICLE{WagnerKeizer94, 
   AUTHOR = {J Wagner and J Keizer},            
   TITLE = {Effects of rapid buffers on {\Ca} diffusion and {\Ca} 
   oscillations},
   JOURNAL = {Biophys J},
   VOLUME = {67},
   NUMBER = {},
   PAGES = {447--456},
   MONTH = {},
   NOTE = {},
   YEAR = {1994} 
}


