%
% math.bib
%

@BOOK{Riska02,
   AUTHOR = {A Riska},
   TITLE = {Aggregate matrix-analytic techniques and their applications},
   YEAR = {2002},
   PUBLISHER = {College of William and Mary},
   ADDRESS = {Williamsburg, VA},
   ISBN = {}
}

@INBOOK{AsmussenBladt97,
   TITLE = {Renewal theory and queueing algorithms for matrix-exponential distributions},
   AUTHORS = {S. Asmussen and M. Bladt},
   PAGES = {313--341},
   BOOKTITLE = {Matrix-analytica methods in stochastic models},
   EDITOR = {S.R. Chakravarthy and A.S. Alfa},
   PUBLISHER = {Marcel Dekker, Inc.},
   YEAR = {1997},
   ADDRESS = {New York}
}

@ARTICLE{GibsonBruck00, 
   AUTHOR = {M. Gibson and J. Bruck, J}, 
   TITLE = {Efficient Exact Stochastic Simulation of Chemical Systems with Many Species and Many Channels}, 
   JOURNAL = {J Phys Chem A},
   VOLUME = {104},
   NUMBER = {},
   YEAR = {2000},
   PAGES = {1876--1889}
}

@ARTICLE{Gillespie77,
   AUTHOR = {D.T. Gillespie},
   TITLE = {Exact stochastic simulation of coupled chemical reactions},
   JOURNAL = {J Phys Chem} 
   VOLUME = {81},
   NUMBER = {},
   YEAR = {1977},
   PAGES = {2340--61}
}

@INCOLLECTION{Kloeden93,
  author =       "P. E. Kloeden and E. Platen",
  booktitle =    "Applications of Mathematics 23",
  title =        "Numerical Solution of Stochastic Differential Equations",
  publisher =    "Springer-Verlag",
  address =      "Berlin, Germany", 
  year =         "1993",
}

@BOOK{Stewart94, 
   AUTHOR = {W.J. Stewart},
   TITLE = {Introduction to the Numerical Solution of Markov Chains},
   YEAR = {1994},
   PUBLISHER = {Princeton University Press} 
   ADDRESS = {Princeton},
   ISBN = {}
} 

@BOOK{HornJohnson91, 
   AUTHOR = {R. Horn and C.R. Johnson},
   TITLE = {Topics in Matrix Analysis}, 
   YEAR = {1991},
   PUBLISHER = {Cambridge University Press} 
   ADDRESS = {New York},
   ISBN = {}
} 

@ARTICLE{Meyer89,
 AUTHOR = {C. D. Meyer},
 TITLE = {Stochastic complementation, uncoupling Markov chains, and the theory of nearly reducible systems},
 JOURNAL = {SIAM Review},
 VOLUME = {31},
 NUMBER = {2},
 YEAR = {1989},
 ISSN = {0036-1445},
 PAGES = {240--272},
 PUBLISHER = {Society for Industrial and Applied Mathematics} 
}

@INBOOK{ColquhounHawkes95,
   TITLE = {A {Q}-matrix cookbook: how to write only one program to calculate the sigle-channel and macroscopic predictions
for any kinetic mechanism},
   AUTHORS = {D. Colquhoun and A.G. Hawkes},
   PAGES = {589--633},
   BOOKTITLE = {Single-Channel Recording},
   EDITOR = {B. Sakmann and E. Neher},
   PUBLISHER = {Plenum Press},
   YEAR = {1995},
   ADDRESS = {New York}
}
