%
% ca.bib
% before reversal of author first and last names 
% {\Ca} needs to be in {}'s like this  
%

@article{BondarenkoEtal04,
author = {VE Bondarenko and GCL Bett and RL Rasmusson}, 
journal = {Am J Physiol Heart Circ Physiol},
title = {A model of graded calcium release and L-type {\Ca}\ channel inactivation in cardiac muscle},
number = {3},
pages = {H1154--69},
volume = {286},
year = {2004},
month = {Mar}
}

@article{ShannonEtal04a,
author = {TR Shannon and F Wang and J Puglisi and C Weber and DM Bers}, 
journal = {Biophysical Journal},
title = {A mathematical treatment of integrated {\Ca}\ dynamics within the ventricular myocyte},
number = {5},
pages = {3351--71},
volume = {87},
year = {2004},
month = {Nov}
}

@article{ShannonEtal04b,
author = {TR Shannon and DM Bers}, 
journal = {Ann N Y Acad Sci},
title = {Integrated {\Ca}\ management in cardiac myocytes},
pages = {28--38},
volume = {1015},
year = {2004},
month = {May}
}

@article{FaberRudy00,
author = {GM Faber and Y Rudy}, 
journal = {Biophysical Journal},
title = {Action potential and contractility changes in [Na(+)](i) overloaded cardiac myocytes: a simulation study},
number = {5},
pages = {2392--404},
volume = {78},
year = {2000},
month = {May}
}

@article{LiEtal09,
author = {Y Li and ME D{\'\i}az and DA Eisner and S O'Neill}, 
journal = {J Physiol (Lond)},
title = {The effects of membrane potential, SR {\Ca}\ content and RyR responsiveness on systolic {\Ca}\ alternans in rat ventricular myocytes},
number = {Pt 6},
pages = {1283--92},
volume = {587},
year = {2009},
month = {Mar}
}

@article{LehnartEtal06,
author = {SE Lehnart and C Terrenoire and S Reiken and XHT Wehrens and L-S Song and EJ Tillman and S Mancarella and J Coromilas and WJ Lederer and RS Kass and AR Marks}, 
journal = {Proc Natl Acad Sci USA},
title = {Stabilization of cardiac ryanodine receptor prevents intracellular calcium leak and arrhythmias},
number = {20},
pages = {7906--10},
volume = {103},
year = {2006},
month = {May}
}

@article{DiazEtal02,
author = {ME D{\'\i}az and DA Eisner and SC O'Neill}, 
journal = {Circ Res},
title = {Depressed ryanodine receptor activity increases variability and duration of the systolic {\Ca}\ transient in rat ventricular myocytes},
number = {7},
pages = {585--93},
volume = {91},
year = {2002},
month = {Oct}
}

@article{KameyamaEtal03,
author = {M Kameyama and Y Hirayama and H Saitoh and M Maruyama and H Atarashi and T Takano}, 
journal = {Journal of Electrocardiology},
title = {Possible contribution of the sarcoplasmic reticulum {\Ca}\ pump function to electrical and mechanical alternans},
number = {2},
pages = {125--35},
volume = {36},
year = {2003},
month = {Apr}
}

@article{SobieEtal05,
author = {EA Sobie and LS Song and WJ Lederer}, 
journal = {J Physiol (Lond)},
title = {Local recovery of {\Ca}\  release in rat ventricular myocytes},
number = {2},
pages = {441},
volume = {565},
year = {2005}
}

@article{CuiEtal09,
author = {X Cui and R Rovetti and L Yang and A Garfinkel}, 
journal = {Phys Rev Lett},
title = {Period-doubling bifurcation in an array of coupled stochastically excitable elements subject to global periodic forcing},
year = {2009},
volume = {103},
pages = {044102},
month = {Jan}
}


@article{RestrepoKarma09,
author = {JG Restrepo and A Karma}, 
journal = {Chaos},
title = {Spatiotemporal intracellular calcium dynamics during cardiac alternans},
number = {3},
pages = {037115},
volume = {19},
year = {2009},
month = {Jan}
}

@article{RestrepoEtal08,
author = {JG Restrepo and JN Weiss and A Karma}, 
journal = {Biophysical Journal},
title = {Calsequestrin-mediated mechanism for cellular calcium transient alternans},
number = {8},
pages = {3767--89},
volume = {95},
year = {2008},
month = {Oct}
}

@article{EisnerEtal06,
author = {DA Eisner and Y Li and SC O'Neill}, 
journal = {Heart rhythm},
title = {Alternans of intracellular calcium: mechanism and significance},
number = {6},
pages = {743--5},
volume = {3},
year = {2006},
month = {Jun}
}

@article{WeissEtal06,
author = {JN Weiss and A Karma and Y Shiferaw and PS Chen and A Garfinkel and Z Qu}, 
journal = {Circ Res},
title = {From pulsus to pulseless: the saga of cardiac alternans},
number = {10},
pages = {1244--53},
volume = {98},
year = {2006},
month = {May}
}

@article{TaoEtal08,
author = {T Tao and SC O'Neill and ME Diaz and YT Li and DA Eisner and H Zhang}, 
journal = {Am J Physiol Heart Circ Physiol},
title = {Alternans of cardiac calcium cycling in a cluster of ryanodine receptors: a simulation study},
number = {2},
pages = {H598--609},
volume = {295},
year = {2008},
month = {Aug}
}

@article{ShiferawEtal06,
author = {Y Shiferaw and Z Qu and A Garfinkel and A Karma and JN Weiss}, 
journal = {Ann N Y Acad Sci},
title = {Nonlinear dynamics of paced cardiac cells},
pages = {376--94},
volume = {1080},
year = {2006},
month = {Oct}
}

@article{QuEtal07,
author = {Z Qu and Y Shiferaw and JN Weiss}, 
journal = {Physical Review E},
title = {Nonlinear dynamics of cardiac excitation-contraction coupling: an iterated map study},
number = {1 Pt 1},
pages = {011927},
volume = {75},
year = {2007},
month = {Jan}
}

@article{LauritaRosenbaum08,
author = {KR Laurita and DS Rosenbaum}, 
journal = {Prog Biophys Mol Biol},
title = {Cellular mechanisms of arrhythmogenic cardiac alternans},
number = {2--3},
pages = {332--47},
volume = {97},
year = {2008},
month = {Jan}
}

@article{ShiferawEtal05,
author = {Y Shiferaw and D Sato and A Karma}, 
journal = {Physical Review E},
title = {Coupled dynamics of voltage and calcium in paced cardiac cells},
number = {2 Pt 1},
pages = {021903},
volume = {71},
year = {2005},
month = {Feb}
}

@article{MylesEtal08,
author = {RC Myles and FL Burton and SM Cobbe and GL Smith}, 
journal = {J Mol Cell Cardiol},
title = {The link between repolarisation alternans and ventricular arrhythmia: does the cellular phenomenon extend to the clinical problem?},
number = {1},
pages = {1--10},
volume = {45},
year = {2008},
month = {Jul}
}

@article{ShiferawEtal03,
author = {Y Shiferaw and MA Watanabe and A Garfinkel and JN Weiss and A Karma}, 
journal = {Biophys J},
title = {Model of intracellular calcium cycling in ventricular myocytes},
number = {6},
pages = {3666--86},
volume = {85},
year = {2003},
month = {Dec}
}

@article{XieEtal08,
author = {LH Xie and D Sato and A Garfinkel and Z Qu and JN Weiss}, 
journal = {Biophys J},
title = {Intracellular {\Ca}\ alternans: coordinated regulation by sarcoplasmic reticulum release, uptake, and leak},
number = {6},
pages = {3100--10},
volume = {95},
year = {2008},
month = {Sep}
}



@article{HussainOrchard97,
author = {M Hussain and C H Orchard}, 
journal = {J Physiol (Lond)},
title = {Sarcoplasmic reticulum {\Ca}\ content, {L}-type {\Ca}\ current and the {\Ca} transient in rat myocytes during beta-adrenergic stimulation},
pages = {385--402},
volume = {505 (Pt 2)},
year = {1997},
month = {Dec}
}

@article{CallewaertEtal88,
author = {G Callewaert and L Cleemann and M Morad}, 
journal = {Proc Natl Acad Sci USA},
title = {Epinephrine enhances {\Ca}\ current-regulated {\Ca}\ release and {\Ca}\ reuptake in rat ventricular myocytes},
number = {6},
pages = {2009--13},
volume = {85},
year = {1988},
month = {Mar}
}

@article{ShannonEtal00b,
author = {TR Shannon and KS Ginsburg and DM Bers}, 
journal = {Biophysical Journal},
title = {Potentiation of fractional sarcoplasmic reticulum calcium release by total and free intra-sarcoplasmic reticulum calcium concentration},
number = {1},
pages = {334--43},
volume = {78},
year = {2000},
month = {Jan}
}

@article{BassaniEtal95,
author = {J W Bassani and W Yuan and D M Bers}, 
journal = {Am. J. Physiol.},
title = {Fractional {SR} {\Ca}\ release is regulated by trigger {\Ca}\ and {SR} {\Ca}\ content in cardiac myocytes},
number = {5 Pt 1},
pages = {C1313--9},
volume = {268},
year = {1995},
month = {May}
}

@article{TerentyevEtal06,
author = {D Terentyev and A Nori and M Santoro and S Viatchenko-Karpinski and Z Kubalova and I Gyorke and R Terentyeva and S Vedamoorthyrao and NA Blom and G Valle and C Napolitano and SC Williams and P Volpe and SG Priori and S Gyorke}, 
journal = {Circ Res},
title = {Abnormal interactions of calsequestrin with the ryanodine receptor calcium release channel complex linked to exercise-induced sudden cardiac death},
number = {9},
pages = {1151--8},
volume = {98},
year = {2006},
month = {May}
}

@article{TanskanenEtal07,
author = {AJ Tanskanen and JL Greenstein and A Chen and SX Sun and RL Winslow}, 
journal = {Biophysical Journal},
title = {Protein geometry and placement in the cardiac dyad influence macroscopic properties of calcium-induced calcium release},
number = {10},
pages = {3379--96},
volume = {92},
year = {2007},
month = {May}
}

@article{RuedigerEtal07,
author = {S Ruediger and J Shuai and W Huisinga and C Nagaiah and G Warnecke and I Parker and M Falcke}, 
journal = {Biophys. J.},
title = {Hybrid stochastic and deterministic simulations of calcium blips},
pages = {1847--1857},
year = {2007},
month = {May}
}

@article{LeeKeener08,
author = {Y Lee and J Keener}, 
journal = {Journal of Theoretical Biology},
title = {A calcium-induced calcium release mechanism mediated by calsequestrin},
number = {4},
pages = {668--679},
volume = {253},
year = {2008},
month = {Aug}
}


@article{BelevychEtal09,
author = {A Belevych and D Terentyev and S Viatchenko-Karpinski and R Terentyeva and A Sridhar and Y Nishijima and L Wilson and A Cardounel and K Laurita and C Carnes and G Billman and S Gyorke}, 
journal = {Cardiovasc Res},
title = {Redox modification of ryanodine receptors underlies calcium alternans in a canine model of sudden cardiac death},
pages = {1466--1472},
year = {2009},
month = {Aug}
}

@article{TerentyevEtal09,
author = {D Terentyev and AE Belevych and R Terentyeva and MM Martin and GE Malana and DE Kuhn and M Abdellatif and DS Feldman and TS Elton and S Gy{\"o}rke}, 
journal = {Circ Res},
title = {{miR-1 overexpression enhances Ca(2+) release and promotes cardiac arrhythmogenesis by targeting PP2A regulatory subunit B56alpha and causing CaMKII-dependent hyperphosphorylation of RyR2}},
number = {4},
pages = {514--21},
volume = {104},
year = {2009},
month = {Feb}
}

@ARTICLE{NykampTranchina00,
   AUTHOR =  {DQ Nykamp and D Tranchina},
   TITLE = {A population density approach that facilitates large-scale modeling of neural networks: analysis and an application to orientation tuning.},
   JOURNAL = {J Comput Neurosci},
   YEAR = {2000},
   MONTH = {Jan-Feb},
   VOLUME = {8},
   NUMBER = {1},
   PAGES = {19--50}
}

@article{MacquaideEtal07,
author = {N Macquaide and J Dempster and GL Smith}, 
journal = {Biophysical Journal},
title = {Measurement and modeling of Ca2+ waves in isolated rabbit ventricular cardiomyocytes},
number = {7},
pages = {2581--95},
volume = {93},
year = {2007},
month = {Oct}
}

@article{LoughreyEtal02,
author = {CM Loughrey and KE MacEachern and P Neary and GL Smith}, 
journal = {J Physiol (Lond)},
title = {The relationship between intracellular [{\Ca}] and {\Ca} wave characteristics in permeabilised cardiomyocytes from the rabbit},
number = {Pt 3},
pages = {859--70},
volume = {543},
year = {2002},
month = {Sep}
}

@article{LukyanenkoGyorke99,
author = {V Lukyanenko and S Gy{\"o}rke}, 
journal = {J Physiol},
title = {{\Ca} sparks and {\Ca} waves in saponin-permeabilized rat ventricular myocytes},
pages = {575--85},
volume = {521 Pt 3},
year = {1999},
month = {Dec}
}

@article{ZimaEtal08,
author = {AV Zima and E Picht and DM Bers and LA Blatter}, 
journal = {Biophys.\ J.},
title = {Partial inhibition of sarcoplasmic reticulum {\Ca} release evokes long-lasting {\Ca} release events in ventricular myocytes: {R}ole of luminal {\Ca} in termination of {\Ca} release},
number = {5},
pages = {1867--79},
volume = {94},
year = {2008},
month = {Mar}
}

@article{Knollmann09,
  title={{Flecainide prevents catecholaminergic polymorphic ventricular tachycardia in mice and humans}},
  author={Watanabe, H. and Chopra, N. and Laver, D. and Hwang, H.S. and Davies, S.S. and Roach, D.E. and Duff, H.J. and Roden, D.M. and Wilde, A.A.M. and Knollmann, B.C.},
  journal={Nature Medicine},
  volume={15},
  number={4},
  pages={380--383},
  year={2009}
}


@article{ChengandLederer08,
author = {H Cheng and WJ Lederer},
journal = {Physiol.\ Rev.},
title = {Calcium sparks}, 
pages = {1491--1545},
volume = {88}, 
  number={4},
year = {2008} 
}

@article{Laver07,
author = {DR Laver},
journal = {Biophys.\ J.},
title = {{\Ca} stores regulate ryanodine receptor {\Ca} release channels via luminal and cytosolic {\Ca} sites}, 
pages = {3541--3555},
volume = {92}, 
number={10},
year = {2007} 
}


@article{AiEtal05,
author = {X Ai and JW Curran and TR Shannon and DM Bers and SM Pogwizd},
journal = {Circulation Research},
title = {{\Ca}/calmodulin-dependent protein kinase modulates cardiac ryanodine receptor phosphorylation and sarcoplasmic reticulum {\Ca} leak in heart failure}, 
pages = {1314--1322},
volume = {97}, 
number = {12},
year = {2005} 
}

@article{MarxEtal00,
author = {SO Marx and S Reiken and Y Hisamatsu and T Jayaraman and D Burkhoff and N Rosemblit and AR Marks},
journal = {Cell},
title = {PKA phosphorylation dissociates FKBP12.6 from the calcium release channel (ryanodine receptor): defective regulation in failing hearts}, 
pages = {365--376},
volume = {101}, 
number = {4},
year = {2000} 
}

@article{LehnartEtal04,
author = {SE Lehnart and XH Wehrens and PJ Laitinen and SR Reiken and SX Deng and Z Cheng and DW Landry and K Kontula and H Swan and AR Marks},
journal = {Circulation},
title = {Sudden death in familial polymorphic ventricular tachycardia associated with calcium release channel (ryanodine receptor) leak}, 
pages = {3208--3214},
volume = {109}, 
number = {25},
year = {2004} 
}

@article{JiangEtal02,
author = {D Jiang and B Xiao and L Zhang and SR Chen},
journal = {Circ.\ Res.},
title = {Enhanced basal activity of a cardiac {\Ca} release channel (ryanodine receptor) mutant associated with ventricular tachycardia and sudden death}, 
pages = {218--225},
volume = {91}, 
number = {3},
year = {2002} 
}

@article{Gyorke09,
author = {S Gy{\"o}rke},
journal = {Heart Rhythm},
title = {Molecular basis of catecholaminergic polymorphic ventricular tachycardia}, 
pages = {123--129},
volume = {6}, 
number = {1},
year = {2009} 
}

@article{LiuPriori08,
author = {N Liu and SG Priori},
journal = {Cardiovasc.\ Res.},
title = {Disruption of calcium homeostasis and arrhythmogenesis induced by mutations in the cardiac ryanodine receptor and calsequestrin}, 
pages = {293--301},
volume = {77}, 
number = {2},
year = {2008} 
}

@article{GeorgeEtal03,
author = {CH George and GV Higgs and FA Lai},
journal = {Circ.\ Res.},
title = {Ryanodine receptor mutations associated with stress-induced ventricular tachycardia mediate increased calcium release in stimulated cardiomyocytes}, 
pages = {531--540},
volume = {93}, 
number = {6},
year = {2003} 
}

@article{GeorgeEtal07,
author = {CH George and H Jundi and NL Thomas and DL Fry and FA Lai},
journal = {J.\ Mol.\ Cell Cardiol.},
title = {Ryanodine receptors and ventricular arrhythmias: emerging trends in mutations, mechanisms and therapies}, 
pages = {34--50},
volume = {42}, 
number = {9},
year = {2007} 
}

@article{WehrensEtal05,
author = {XH Wehrens and SE Lehnart and AR Marks},
journal = {Annu.\ Rev.\ Physiol.},
title = {Intracellular calcium release and cardiac disease}, 
pages = {69--98},
volume = {67}, 
year = {2005} 
}

@article{LukyanenkoEtal01,
author = {V Lukyanenko and S Viatchenko-Karpinski and A Smirnov and TF Wiesner and S Gyorke},
journal = {Biophys.\ J.},
title = {Dynamic regulation of sarcoplasmic reticulum {\Ca} content and release by luminal {\Ca}-sensitive leak in rat ventricular myocytes}, 
pages = {785--798},
volume = {81}, 
number = {2},
year = {2001} 
}

@article{GyorkeEtal97,
author = {S Gy{\"o}rke and V Lukyanenko and I Gy{\"o}rke}, 
journal = {Journal of Physiology},
title = {Dual effects of tetracaine on spontaneous calcium release in rat ventricular myocytes},
pages = {297--309},
volume = {500 Pt 2},
year = {1997}
}

@article{TraffordEtal00,
author = {AW Trafford and ME Diaz and GC Sibbring and DA Eisner},
journal = {J.\ Physiol.},
title = {Modulation of CICR has no maintained effect on systolic {\Ca}: simultaneous measurements of sarcoplasmic reticulum and sarcolemmal {\Ca} fluxes in rat ventricular myocytes}, 
pages = {259--270},
volume = {522 Pt 2}, 
year = {2000} 
}

@article{LippNiggli96,
author = {P Lipp and E Niggli},
journal = {Prog.\ Biophys.\ Mol.\ Biol.},
title = {A hierarchical concept of cellular and subcellular {\Ca}-signalling}, 
pages = {265--296},
volume = {65}, 
number = {3},
year = {1996}
}

@article{HinchEtal04,
author = {R Hinch and JL Greenstein and AJ Tanskanen and L Xu and RL Winslow}, 
journal = {Biophysical Journal},
title = {A simplified local control model of calcium-induced calcium release in cardiac ventricular myocytes},
number = {6},
pages = {3723--36},
volume = {87},
year = {2004},
month = {Dec}
}


@article{FoskettEtal07,
author = {JK Foskett and C White and KH Cheung and DO Mak}, 
journal = {Physiol Rev},
title = {Inositol trisphosphate receptor {\Ca} release channels},
number = {2},
pages = {593--658},
volume = {87},
year = {2007},
month = {Apr}
}




@article{ShuaiEtal06,
author = {J Shuai and HJ Rose and  I Parker}, 
journal = {Biophys. J.},
title = {The number and spatial distribution of {\Ip} receptors underlying calcium puffs in Xenopus oocytes},
number = {11},
pages = {4033--4044},
volume = {91},
year = {2006},
month = {Dec}
}

@article{ShuaiEtal07,
author = {J Shuai and JE Pearson and JK Foskett and {D-OD} Mak and I Parker}, 
journal = {Biophys. J.},
title = {A kinetic model of single and clustered {\Ip} receptors in the absence of {\Ca}\  feedback},
number = {4},
pages = {1151--1162},
volume = {93},
year = {2007},
month = {Aug}
}

@article{ZahradnikovaEtal03,
author = {A Zahradn{\'\i}kov{\'a} and M Dura and I Gy{\"o}rke and A L Escobar and I Zahradn{\'\i}k and S Gy{\"o}rke}, 
journal = {Am J Physiol, Cell Physiol},
title = {Regulation of dynamic behavior of cardiac ryanodine receptor by {Mg2+} under simulated physiological conditions},
number = {5},
pages = {C1059--1070},
volume = {285},
year = {2003},
month = {Nov}
}

@article{ZahradnikEtal05,
author = {I Zahradn{\'\i}k and S Gy{\"o}rke and A Zahradn{\'\i}kov{\'a}}, 
journal = {J Gen Physiol},
title = {Calcium activation of ryanodine receptor channels--reconciling {RyR} gating models with tetrameric channel structure},
number = {5},
pages = {515--27},
volume = {126},
year = {2005},
month = {Nov}
}

@article{TerentyevEtal05,
author = {D Terentyev and SE Cala and TD Houle and S Viatchenko-Karpinski and I Gy{\"o}rke and R Terentyeva and SC Williams and S Gy{\"o}rke}, 
journal = {Circ Res},
title = {Triadin overexpression stimulates excitation-contraction coupling and increases predisposition to cellular arrhythmia in cardiac myocytes},
number = {6},
pages = {651--658},
volume = {96},
year = {2005},
month = {Apr}
}

@article{GyorkeEtal07,
author = {S Gy{\"o}rke and BM Hagen and D Terentyev and WJ Lederer}, 
journal = {J Clin Invest},
title = {Chain-reaction {\Ca} signaling in the heart},
number = {7},
pages = {1758--1762},
volume = {117},
year = {2007},
month = {Jul}
}

@article{TerentyevEtal08,
author = {D Terentyev and Z Kubalova and G Valle and A Nori and S Vedamoorthyrao and R Terentyeva and S Viatchenko-Karpinski and DM Bers and SC Williams and P Volpe and S Gy{\"o}rke}, 
journal = {Biophys J},
title = {Modulation of {SR} {\Ca} release by luminal ca and calsequestrin in cardiac myocytes: effects of CASQ2 mutations linked to sudden cardiac death},
number = {4},
pages = {2037--48},
volume = {95},
year = {2008},
month = {Aug}
}


@article{ThulFalcke07,
author = {R Thul and M Falcke}, 
journal = {European Physics Letters},
title = {Waiting time distributions for clusters of complex molecules},
volume = {38003},
year = {2007},
month = {Jul}
}

@article{ThulFalcke06,
author = {R Thul and M Falcke}, 
journal = {Physical Review E},
title = {Frequency of elemental events of intracellular {\Ca} dynamics},
number = {6 Pt 1},
pages = {061923},
volume = {73},
year = {2006},
month = {Jun}
}


@BOOK{Hill89,
   AUTHOR = {TL Hill},
   TITLE = {Free Energy Transduction in Biology and Biochemical
   Cycle Kinetics}, 
   PUBLISHER = {Springer-Verlag}, 
   ADDRESS = {New York},
   YEAR = {1989},
}

@ARTICLE{Bers02,
   AUTHOR = "DM Bers",
   TITLE = "Cardiac excitation-contraction coupling",
   JOURNAL = "Nature",
   YEAR = "2002",
   MONTH = "Jan",
   VOLUME = "415",
   NUMBER = "6868",
   PAGES = "198--205",
   NOTE = ""
}

@ARTICLE{ChengWang02,
   AUTHOR = "H Cheng and SQ Wang",
   TITLE = "Calcium signaling between sarcolemmal calcium channels and
ryanodine receptors in heart cells",
   JOURNAL = "Front Biosci",
   YEAR = "2002",
   MONTH = "Sep",
   VOLUME = "7",
   PAGES = "d1867--d1878",
   NOTE = ""
}

@ARTICLE{FillCopello02,
   AUTHOR = "M Fill and JA Copello",
   TITLE = "Ryanodine receptor calcium release channels",
   JOURNAL = "Physiol Rev",
   YEAR = "2002",
   MONTH = "Oct",
   VOLUME = "82",
   NUMBER = "4",
   PAGES = "893--922",
   NOTE = ""
}


@ARTICLE{Franzini-ArmstrongEtal99,
   AUTHOR = "C Franzini-Armstrong and F Protasi and V Ramesh",
   TITLE = "Shape, size, and distribution of {\Ca} release units and
couplons in skeletal and cardiac muscles",
   JOURNAL = "Biophys J",
   YEAR = "1999",
   MONTH = "Sep",
   VOLUME = "77",
   NUMBER = "3",
   PAGES = "1528--1539",
   NOTE = ""
}

@ARTICLE{SternCheng04,
   AUTHOR = "MD Stern and H Cheng",
   TITLE = "Putting out the fire: what terminates calcium-induced calcium release in cardiac muscle?",
   JOURNAL = "Cell Calcium",
   YEAR = "2004",
   MONTH = "Jun",
   VOLUME = "35",
   NUMBER = "6",
   PAGES = "591--601",
   NOTE = ""
}


@ARTICLE{WangEtal04a,
   AUTHOR = "SQ Wang and MD Stern and E Rios and H Cheng",
   TITLE = "The quantal nature of {\Ca} sparks and in situ operation of the ryanodine receptor array in cardiac cells",
   JOURNAL = "Proc Natl Acad Sci U S A",
   YEAR = "2004",
   MONTH = "Mar",
   VOLUME = "101",
   NUMBER = "11",
   PAGES = "3979--3984",
   NOTE = ""
}

@ARTICLE{WangEtal04b,
   AUTHOR = "K Wang and WJ Rappel and H Levine",
   TITLE = "Cooperativity can reduce stochasticity in intracellular calcium dynamics",
   JOURNAL = "Phys Bio",
   YEAR = "2004",
   MONTH = "",
   VOLUME = "1",
   NUMBER = "",
   PAGES = "27-34",
   NOTE = ""
}


@ARTICLE{Falcke03a,
   AUTHOR = "M Falcke",
   TITLE = "On the role of stochastic channel behavior in intracellular {\Ca} dynamics",
   JOURNAL = "Biophys J",
   YEAR = "2003",
   MONTH = "Feb",
   VOLUME = "84",
   NUMBER = "1",
   PAGES = "42--56",
   NOTE = ""
}
                                                                                                                             
@ARTICLE{Falcke03b,
   AUTHOR = "M Falcke",
   TITLE = "Buffers and oscillations in intracellular {\Ca} dynamics",
   JOURNAL = "Biophys J",
   YEAR = "2003",
   MONTH = "Feb",
   VOLUME = "84",
   NUMBER = "1",
   PAGES = "28--41",
   NOTE = ""
}


@ARTICLE{RaoEtal02,
   AUTHOR = "CV Rao and DM Wolf and AP Arkin",
   TITLE = "Control, exploitation and tolerance of intracellular noise",
   JOURNAL = "Nature",
   YEAR = "2002",
   MONTH = "Nov",
   VOLUME = "420",
   NUMBER = "6912",
   PAGES = "231--237",
   NOTE = ""
}

@ARTICLE{TaylorLaude02,
   AUTHOR = "CW Taylor and AJ Laude",
   TITLE = "{\Ip} receptors and their regulation by calmodulin and cytosolic {\Ca}",
   JOURNAL = "Cell Calcium",
   YEAR = "2002",
   MONTH = "Nov-Dec",
   VOLUME = "32",
   NUMBER = "5-6",
   PAGES = "321--334",
   NOTE = ""
}
 
@ARTICLE{ThulFalcke04,
   AUTHOR = "R Thul and M Falcke",
   TITLE = "Release currents of {\Ip} receptor channel clusters and concentration profiles",
   JOURNAL = "Biophys J",
   YEAR = "2004",
   MONTH = "May",
   VOLUME = "86",
   NUMBER = "5",
   PAGES = "2660--2673",
   NOTE = ""
}



@ARTICLE{DarganEtal04,
   AUTHOR = "SL Dargan and B Schwaller and I Parker",
   TITLE = "Spatiotemporal patterning of {\Ip}-mediated {\Ca} signals in {X}enopus oocytes by {\Ca}-binding proteins",
   JOURNAL = "J Physiol",
   YEAR = "2004",
   MONTH = "Apr",
   VOLUME = "556",
   NUMBER = "Pt 2",
   PAGES = "447--461",
   NOTE = ""
}
 
@ARTICLE{MarchantEtal02,
   AUTHOR = "JS Marchant and V Ramos and I Parker",
   TITLE = "Structural and functional relationships between {\Ca} puffs and mitochondria in {X}enopus oocytes",
   JOURNAL = "Am J Physiol Cell Physiol",
   YEAR = "2002",
   MONTH = "Jun",
   VOLUME = "282",
   NUMBER = "6",
   PAGES = "C1374--C1386",
   NOTE = ""
}

@ARTICLE{JahrLester92,
   AUTHOR = "CE Jahr and RA Lester",
   TITLE = "Synaptic excitation mediated by glutamate-gated ion channels",
   JOURNAL = "Curr Opin Neurobiol",
   YEAR = "1992",
   MONTH = "Jun",
   VOLUME = "2",
   NUMBER = "3",
   PAGES = "270--274",
   NOTE = ""
}
 
@ARTICLE{LesterJahr92,
   AUTHOR = "RA Lester and CE Jahr",
   TITLE = "NMDA channel behavior depends on agonist affinity",
   JOURNAL = "J Neurosci",
   YEAR = "1992",
   MONTH = "Feb",
   VOLUME = "12",
   NUMBER = "2",
   PAGES = "635--643",
   NOTE = ""
}



@ARTICLE{MarxEtal01,
   AUTHOR = "SO Marx and J Gaburjakova and M Gaburjakova and C Henrikson and K Ondrias and AR Marks",
   TITLE = "Coupled gating between cardiac calcium release channels (ryanodine receptors)",
   JOURNAL = "Circ Res",
   YEAR = "2001",
   MONTH = "Jun",
   VOLUME = "88",
   NUMBER = "11",
   PAGES = "1151--1158",
   NOTE = ""
}


@ARTICLE{ZuckerRegehr02,
   AUTHOR = "RS Zucker and WG Regehr",
   TITLE = "Short-term synaptic plasticity",
   JOURNAL = "Annu Rev Physiol",
   YEAR = "2002",
   VOLUME = "64",
   PAGES = "355--405",
   NOTE = ""
}
 
@ARTICLE{MatveevEtal04,
   AUTHOR = "V Matveev and RS Zucker and A Sherman",
   TITLE = "Facilitation through Buffer Saturation: Constraints on Endogenous Buffering Properties",
   JOURNAL = "Biophys J",
   YEAR = "2004",
   MONTH = "May",
   VOLUME = "86",
   NUMBER = "5",
   PAGES = "2691--2709",
   NOTE = ""
}



@ARTICLE{FraimanDawson04,
   AUTHOR = "D Fraiman and SP Dawson",
   TITLE = "A model of {\Ip} receptor with a luminal {\Ca} binding site: stochastic simulations and analysis",
   JOURNAL = "Cell Calcium",
   YEAR = "2004",
   MONTH = "May",
   VOLUME = "35",
   NUMBER = "5",
   PAGES = "403--413",
   NOTE = ""
}


@ARTICLE{FierroParekh99,
   AUTHOR = "L Fierro and AB Parekh",
   TITLE = "Fast {\Ca}-dependent inactivation of {\Ca} release-activated calcium current ({CRAC}) in {RBL}-1 cells",
   JOURNAL = "J Membr Biol",
   YEAR = "1999",
   MONTH = "Mar",
   VOLUME = "168",
   NUMBER = "1",
   PAGES = "9--17",
   NOTE = ""
}
 
@ARTICLE{Parekh03,
   AUTHOR = "AB Parekh",
   TITLE = "Store-operated {\Ca} entry: dynamic interplay between endoplasmic reticulum, mitochondria and plasma membrane",
   JOURNAL = "J Physiol",
   YEAR = "2003",
   MONTH = "Mar",
   VOLUME = "547",
   NUMBER = "Pt 2",
   PAGES = "333--348",
   NOTE = ""
}
 
@ARTICLE{ZweifachLewis95,
   AUTHOR = "A Zweifach and RS Lewis",
   TITLE = "Rapid inactivation of depletion-activated calcium current ({ICRAC}) due to local calcium feedback",
   JOURNAL = "J Gen Physiol",
   YEAR = "1995",
   MONTH = "Feb",
   VOLUME = "105",
   NUMBER = "2",
   PAGES = "209--226",
   NOTE = ""
}
 

@ARTICLE{ShuaiJung03b,
   AUTHOR = "JW Shuai and P Jung",
   TITLE = "Selection of intracellular calcium patterns in a model with clustered {\Ca} release channels",
   JOURNAL = "Phys Rev E Stat Nonlin Soft Matter Phys",
   YEAR = "2003",
   MONTH = "Mar",
   VOLUME = "67",
   NUMBER = "3 Pt 1",
   PAGES = "031905",
   NOTE = ""
}
 
@ARTICLE{ShuaiJung03a,
   AUTHOR = "JW Shuai and P Jung",
   TITLE = "Optimal ion channel clustering for intracellular calcium signaling",
   JOURNAL = "Proc Natl Acad Sci USA",
   YEAR = "2003",
   MONTH = "Jan",
   VOLUME = "100",
   NUMBER = "2",
   PAGES = "506--510",
   NOTE = ""
}

@ARTICLE{ShuaiJung02a,
   AUTHOR = "JW Shuai and P Jung",
   TITLE = "Stochastic properties of {\Ca} release of inositol 1,4,5-trisphosphate receptor clusters",
   JOURNAL = "Biophys J",
   YEAR = "2002",
   MONTH = "Jul",
   VOLUME = "83",
   NUMBER = "1",
   PAGES = "87--97",
   NOTE = ""
}
 
@ARTICLE{ShuaiJung02b,
   AUTHOR = "JW Shuai and P Jung",
   TITLE = "Optimal intracellular calcium signaling",
   JOURNAL = "Phys Rev Lett",
   YEAR = "2002",
   MONTH = "Feb",
   VOLUME = "88",
   NUMBER = "6",
   PAGES = "068102",
   NOTE = ""
}

@ARTICLE{StrierEtal03,
   AUTHOR = "DE Strier and AC Ventura and SP Dawson",
   TITLE = "Saltatory and continuous calcium waves and the rapid buffering approximation",
   JOURNAL = "Biophys J",
   YEAR = "2003",
   MONTH = "Dec",
   VOLUME = "85",
   NUMBER = "6",
   PAGES = "3575--3586",
   NOTE = ""
}

@ARTICLE{FallKeizer01,
   AUTHOR = "CP Fall and JE Keizer",
   TITLE = "Mitochondrial modulation of intracellular {\Ca} signaling",
   JOURNAL = "J Theor Biol",
   YEAR = "2001",
   MONTH = "May",
   VOLUME = "210",
   NUMBER = "2",
   PAGES = "151--165",
   NOTE = ""
}


@ARTICLE{MagnusKeizer98a,
   AUTHOR = "G Magnus and J Keizer",
   TITLE = "Model of beta-cell mitochondrial calcium handling and electrical activity.  {I}. Cytoplasmic variables.",
   JOURNAL = "Am J Physiol",
   YEAR = "1998",
   MONTH = "Apr",
   VOLUME = "274",
   NUMBER = "4 Pt 1",
   PAGES = "C1158--C1173",
   NOTE = ""
}
 
@ARTICLE{MagnusKeizer98b,
   AUTHOR = "G Magnus and J Keizer",
   TITLE = "Model of beta-cell mitochondrial calcium handling and electrical activity. {II}. Mitochondrial variables.",
   JOURNAL = "Am J Physiol",
   YEAR = "1998",
   MONTH = "Apr",
   VOLUME = "274",
   NUMBER = "4 Pt 1",
   PAGES = "C1174--C1184",
   NOTE = ""
}



@ARTICLE{AugustineEtal03,
   AUTHOR = "GJ Augustine and F Santamaria and K Tanaka",
   TITLE = "Local calcium signaling in neurons",
   JOURNAL = "Neuron",
   YEAR = "2003",
   MONTH = "Oct",
   VOLUME = "40",
   NUMBER = "2",
   PAGES = "331--346",
   NOTE = ""
}


@ARTICLE{Dolphin96,
   AUTHOR = "AC Dolphin",
   TITLE = "Facilitation of {\Ca} current in excitable cells",
   JOURNAL = "Trends Neurosci",
   YEAR = "1996",
   MONTH = "Jan",
   VOLUME = "19",
   NUMBER = "1",
   PAGES = "35--43",
   NOTE = ""
}


@ARTICLE{SimpsonEtal95,
   AUTHOR = "PB Simpson and RA Challiss and SR Nahorski",
   TITLE = "Neuronal {\Ca} stores: activation and function",
   JOURNAL = "Trends Neurosci",
   YEAR = "1995",
   MONTH = "Jul",
   VOLUME = "18",
   NUMBER = "7",
   PAGES = "299--306",
   NOTE = ""
}


@ARTICLE{OakleyEtal01b,
   AUTHOR = "JC Oakley and PC Schwindt and WE Crill",
   TITLE = "Dendritic calcium spikes in layer 5 pyramidal neurons amplify and limit transmission of ligand-gated dendritic current to soma",
   JOURNAL = "J Neurophysiol",
   YEAR = "2001",
   MONTH = "Jul",
   VOLUME = "86",
   NUMBER = "1",
   PAGES = "514--527",
   NOTE = ""
}
 
@ARTICLE{OakleyEtal01a,
   AUTHOR = "JC Oakley and PC Schwindt and WE Crill",
   TITLE = "Initiation and propagation of regenerative {\Ca}-dependent potentials in dendrites of layer 5 pyramidal neurons",
   JOURNAL = "J Neurophysiol",
   YEAR = "2001",
   MONTH = "Jul",
   VOLUME = "86",
   NUMBER = "1",
   PAGES = "503--513",
   NOTE = ""
}


@ARTICLE{Melamed-BookEtal99,
   AUTHOR = "N Melamed-Book and SG Kachalsky and I Kaiserman and R Rahamimoff",
   TITLE = "Neuronal calcium sparks and intracellular calcium noise",
   JOURNAL = "Proc Natl Acad Sci U S A",
   YEAR = "1999",
   MONTH = "Dec",
   VOLUME = "96",
   NUMBER = "26",
   PAGES = "15217--15221",
   NOTE = ""
}



@ARTICLE{MaedaEtal99,
   AUTHOR = "H Maeda and GC Ellis-Davies and K Ito and Y Miyashita and H Kasai",
   TITLE = "Supralinear {\Ca} signaling by cooperative and mobile {\Ca} buffering in {P}urkinje neurons",
   JOURNAL = "Neuron",
   YEAR = "1999",
   MONTH = "Dec",
   VOLUME = "24",
   NUMBER = "4",
   PAGES = "989--1002",
   NOTE = ""
}


@ARTICLE{SchusterEtal02,
   AUTHOR = "S Schuster and M Marhl and T Hofer",
   TITLE = "Modelling of simple and complex calcium oscillations. From single-cell responses to intercellular signalling",
   JOURNAL = "Eur J Biochem",
   YEAR = "2002",
   MONTH = "Mar",
   VOLUME = "269",
   NUMBER = "5",
   PAGES = "1333--1355",
   NOTE = ""
}

@ARTICLE{Lemon04,
   AUTHOR = "G Lemon",
   TITLE = "Fire-diffuse-fire calcium waves in confined intracellular spaces",
   JOURNAL = "Bull Math Biol",
   YEAR = "2004",
   MONTH = "Jan",
   VOLUME = "66",
   NUMBER = "1",
   PAGES = "65--90",
   NOTE = ""
}

@INCOLLECTION{JafriYang04,
   TITLE = {Modelling neuronal calcium dynamics},
   AUTHOR = {SM Jafri and KH Yang},
   PAGES = {75--95},
   BOOKTITLE = {Computational Neuroscience: A Comprehensive Approach},
   EDITOR = {J Feng},
   PUBLISHER = {Chapman \& Hall/CRC},
   YEAR = {2004},
   ADDRESS = {}
}

@ARTICLE{ClayDeFelice83,
   AUTHOR = "JR Clay and LJ DeFelice",
   TITLE = "Relationship between membrane excitability and single channel open-close kinetics",
   JOURNAL = "Biophys J",
   YEAR = "1983",
   MONTH = "May",
   VOLUME = "42",
   NUMBER = "2",
   PAGES = "151--157",
   NOTE = ""
}

 
@ARTICLE{MazzantiEtal91,
   AUTHOR = "M Mazzanti and LJ DeFelice and YM Liu",
   TITLE = "Gating of {L}-type {\Ca} channels in embryonic chick ventricle cells: dependence on voltage, current and channel density",
   JOURNAL = "J Physiol",
   YEAR = "1991",
   MONTH = "Nov",
   VOLUME = "443",
   PAGES = "307--334",
   NOTE = ""
}


@ARTICLE{CannellEtal95,
   AUTHOR = "MB Cannell and H Cheng and WJ Lederer",
   TITLE = "The control of calcium release in heart muscle",
   JOURNAL = "Science",
   YEAR = "1995",
   MONTH = "May",
   VOLUME = "268",
   NUMBER = "5213",
   PAGES = "1045--1049",
   NOTE = ""
}

@BOOK{Hill77,
   AUTHOR = {TL Hill},
   TITLE = {Free Energy Transduction in Biology: The Steady-State Kinetic and Thermodynamic Formalism}, 
   PUBLISHER = {Academic Press}, 
   ADDRESS = {New York},
   YEAR = {1977},
}

@ARTICLE{DarganParker03,
   AUTHOR = "SL Dargan and I Parker",
   TITLE = "Buffer kinetics shape the spatiotemporal patterns of {\Ip}-evoked {\Ca} signals",
   JOURNAL = "J Physiol",
   YEAR = "2003",
   MONTH = "Dec",
   VOLUME = "553",
   NUMBER = "Pt 3",
   PAGES = "775--788",
   NOTE = ""
}

@ARTICLE{ShamEtal98,
   AUTHOR = "JS Sham and LS Song and Y Chen and LH Deng and MD Stern and EG Lakatta and H Cheng",
   TITLE = "Termination of {\Ca} release by a local inactivation of ryanodine receptors in cardiac myocytes",
   JOURNAL = "Proc Natl Acad Sci U S A",
   YEAR = "1998",
   MONTH = "Dec",
   VOLUME = "95",
   NUMBER = "25",
   PAGES = "15096--15101",
   NOTE = ""
}

@ARTICLE{RengifoEtal02,
   AUTHOR = "J Rengifo and R Rosales and A Gonzalez and H Cheng and MD Stern and E Rios",
   TITLE = "Intracellular {\Ca} release as irreversible {M}arkov process",
   JOURNAL = "Biophys J",
   YEAR = "2002",
   MONTH = "Nov",
   VOLUME = "83",
   NUMBER = "5",
   PAGES = "2511--2521",
   NOTE = ""
}

@ARTICLE{McAdamsArkin97,
   AUTHOR = "HH McAdams and A Arkin",
   TITLE = "Stochastic mechanisms in gene expression",
   JOURNAL = "Proc Natl Acad Sci U S A",
   YEAR = "1997",
   MONTH = "Feb",
   VOLUME = "94",
   NUMBER = "3",
   PAGES = "814--819",
   NOTE = ""
}

@BOOK{SakmannNeher95,
   EDITOR = {B Sakmann and E Neher}, 
   TITLE = {Single-Channel Recording},
   PUBLISHER = {Plenum Pub Corp}, 
   ADDRESS = {},
   YEAR = {1995},
   EDITION = {Second},
   ISBN = {030644870X}
}
 
@ARTICLE{ValdiviaEtal95,
   AUTHOR = "HH Valdivia and JH Kaplan and GC Ellis-Davies and WJ Lederer",
   TITLE = "Rapid adaptation of cardiac ryanodine receptors: modulation by {Mg2+} and phosphorylation",
   JOURNAL = "Science",
   YEAR = "1995",
   MONTH = "Mar",
   VOLUME = "267",
   NUMBER = "5206",
   PAGES = "1997--2000",
   NOTE = ""
}

@BOOK{Bers92,
   AUTHOR = {DM Bers},
   TITLE = {Excitation-Contraction Coupling and Cardiac Contractile Force},
   PUBLISHER = {Kluwer Academic Publishers}, 
   ADDRESS = {},
   YEAR = {1992},
   EDITION = {Second},
   ISBN = {0792371585}
}

@ARTICLE{CannellAllen84,
   AUTHOR = "MB Cannell and DG Allen",
   TITLE = "Model of calcium movements during activation in the sarcomere of frog skeletal muscle",
   JOURNAL = "Biophys J",
   YEAR = "1984",
   MONTH = "May",
   VOLUME = "45",
   NUMBER = "5",
   PAGES = "913--925",
   NOTE = ""
}

@ARTICLE{JorgensenCampbell84,
   AUTHOR = "AO Jorgensen and KP Campbell",
   TITLE = "Evidence for the presence of calsequestrin in two structurally different regions of myocardial sarcoplasmic reticulum",
   JOURNAL = "J Cell Biol",
   YEAR = "1984",
   MONTH = "Apr",
   VOLUME = "98",
   NUMBER = "4",
   PAGES = "1597--1602",
   NOTE = ""
}
 
@ARTICLE{LedererEtal90,
   AUTHOR = "WJ Lederer and E Niggli and RW Hadley",
   TITLE = "Sodium-calcium exchange in excitable cells: fuzzy space",
   JOURNAL = "Science",
   YEAR = "1990",
   MONTH = "Apr",
   VOLUME = "248",
   NUMBER = "4953",
   PAGES = "283",
   NOTE = ""
}

@ARTICLE{LyttonEtal92,
   AUTHOR = "J Lytton and M Westlin and SE Burk and GE Shull and DH MacLennan",
   TITLE = "Functional comparisons between isoforms of the sarcoplasmic or endoplasmic reticulum family of calcium pumps",
   JOURNAL = "J Biol Chem",
   YEAR = "1992",
   MONTH = "Jul",
   VOLUME = "267",
   NUMBER = "20",
   PAGES = "14483--14489",
   NOTE = ""
}
 
@ARTICLE{RobertsonEtal81,
   AUTHOR = "SP Robertson and JD Johnson and JD Potter",
   TITLE = "The time-course of {\Ca} exchange with calmodulin, troponin, parvalbumin, and myosin in response to transient increases in {\Ca}",
   JOURNAL = "Biophys J",
   YEAR = "1981",
   MONTH = "Jun",
   VOLUME = "34",
   NUMBER = "3",
   PAGES = "559--569",
   NOTE = ""
}

@ARTICLE{CannellSoeller97,
   AUTHOR = "MB Cannell and C Soeller",
   TITLE = "Numerical analysis of ryanodine receptor activation by L-type channel activity in the cardiac muscle diad",
   JOURNAL = "Biophys J",
   YEAR = "1997",
   MONTH = "Jul",
   VOLUME = "73",
   NUMBER = "1",
   PAGES = "112--122",
   NOTE = ""
}
 
@ARTICLE{SoellerCannell97,
   AUTHOR = "C Soeller and MB Cannell",
   TITLE = "Numerical simulation of local calcium movements during L-type calcium channel gating in the cardiac diad",
   JOURNAL = "Biophys J",
   YEAR = "1997",
   MONTH = "Jul",
   VOLUME = "73",
   NUMBER = "1",
   PAGES = "97--111",
   NOTE = ""
}
 
@ARTICLE{SwillensEtal99,
   AUTHOR = "S Swillens and G Dupont and L Combettes and P Champeil",
   TITLE = "From {\Ca} blips to {\Ca} puffs: theoretical analysis of the requirements for interchannel communication",
   JOURNAL = "Proc Natl Acad Sci U S A",
   YEAR = "1999",
   MONTH = "Nov",
   VOLUME = "96",
   NUMBER = "24",
   PAGES = "13750--13755",
   NOTE = ""
}

@ARTICLE{MichikawaEtal99,
   AUTHOR = "T Michikawa and J Hirota and S Kawano and M Hiraoka and M Yamada and T Furuichi and K Mikoshiba",
   TITLE = "Calmodulin mediates calcium-dependent inactivation of the cerebellar type 1 inositol 1,4,5-trisphosphate receptor",
   JOURNAL = "Neuron",
   YEAR = "1999",
   MONTH = "Aug",
   VOLUME = "23",
   NUMBER = "4",
   PAGES = "799--808",
   NOTE = ""
}
 
@ARTICLE{O'NeillEtal02,
   AUTHOR = "AF O'Neill and RE Hagar and WR Zipfel and MH Nathanson and BE Ehrlich",
   TITLE = "Regulation of the type {III} {\Ip} receptor by {\Ip} and calcium",
   JOURNAL = "Biochem Biophys Res Commun",
   YEAR = "2002",
   MONTH = "Jun",
   VOLUME = "294",
   NUMBER = "3",
   PAGES = "719--725",
   NOTE = ""
}

@BOOK{JackEtal83, 
   AUTHOR = {JJB Jack and RW Tsien and D Noble},
   TITLE = {Electric Current Flow in Excitable Cells},
   YEAR = {1983},
   PUBLISHER = {Oxford University Press} ,
   ADDRESS = {Oxford, UK},
   ISBN = {}
} 

@BOOK{Rubinstein90, 
   AUTHOR = {I Rubinstein},
   TITLE = {Electro-diffusion of ions},
   YEAR = {1990},
   PUBLISHER = {Society for Industrial and Applied Mathematics},
   ADDRESS = {Philadelphia, PA},
   ISBN = {}
} 

@ARTICLE{SneydDufour02,
   AUTHOR = "J Sneyd and JF Dufour",
   TITLE = "A dynamic model of the type-2 inositol trisphosphate receptor",
   JOURNAL = "Proc Natl Acad Sci U S A",
   YEAR = "2002",
   MONTH = "Feb",
   VOLUME = "99",
   NUMBER = "4",
   PAGES = "2398--2403",
   NOTE = ""
}
 
@ARTICLE{DawsonEtal99,
   AUTHOR = "SP Dawson and J Keizer and JE Pearson",
   TITLE = "Fire-diffuse-fire model of dynamics of intracellular calcium waves",
   JOURNAL = "Proc Natl Acad Sci U S A",
   YEAR = "1999",
   MONTH = "May",
   VOLUME = "96",
   NUMBER = "11",
   PAGES = "6060--6063",
   NOTE = ""
}


@ARTICLE{Coombes01,
   AUTHOR = "S Coombes",
   TITLE = "The effect of ion pumps on the speed of travelling waves in the fire-diffuse-fire model of {\Ca} release", 
   JOURNAL = "Bull Math Biol",
   YEAR = "2001",
   MONTH = "Jan",
   VOLUME = "63",
   NUMBER = "1",
   PAGES = "1--20",
   NOTE = ""
}
 
@ARTICLE{DawsonEtal99,
   AUTHOR = "SP Dawson and J Keizer and JE Pearson",
   TITLE = "Fire-diffuse-fire model of dynamics of intracellular calcium waves",
   JOURNAL = "Proc Natl Acad Sci U S A",
   YEAR = "1999",
   MONTH = "May",
   VOLUME = "96",
   NUMBER = "11",
   PAGES = "6060--6063",
   NOTE = ""
}


@BOOK{Smith85, 
   AUTHOR = {GD Smith},
   TITLE = {Numerical solution of partial differential equations},
   YEAR = {1985},
   PUBLISHER = {Oxford University Press},
   ADDRESS = {Oxford},
   ISBN = {}
} 

@BOOK{Diaspro02, 
   AUTHOR = {A Diaspro},
   TITLE = {Confocal and Two-Photon Microscopy: Foundations, Applications, and Advances},
   YEAR = {2002},
   PUBLISHER = {Wiley-Liss, Inc},
   ADDRESS = {New York},
   ISBN = {}
} 

@BOOK{Keizer87, 
   TITLE = {Statistical Thermodynamics of Nonequilibrium Processes},
   AUTHOR = {JE Keizer},
   PUBLISHER = {Springer Verlag}, 
   YEAR = {1987},
   ADDRESS = {Berlin}
}

@ARTICLE{BaimbridgeEtal92,
   AUTHOR = "KG Baimbridge and MR Celio and JH Rogers",
   TITLE = "Calcium-binding proteins in the nervous system",
   JOURNAL = "Trends Neurosci",
   YEAR = "1992",
   MONTH = "Aug",
   VOLUME = "15",
   NUMBER = "8",
   PAGES = "303--308",
   NOTE = ""
}

@ARTICLE{BlatterWier90,
   AUTHOR = "LA Blatter and WG Wier",
   TITLE = "Intracellular diffusion, binding, and compartmentalization of the fluorescent calcium indicators indo-1 and fura-2",
   JOURNAL = "Biophys J",
   YEAR = "1990",
   MONTH = "Dec",
   VOLUME = "58",
   NUMBER = "6",
   PAGES = "1491--1499",
   NOTE = ""
}

@ARTICLE{FalkeEtal94,
   AUTHOR = "JJ Falke and SK Drake and AL Hazard and OB Peersen",
   TITLE = "Molecular tuning of ion binding to calcium signaling proteins",
   JOURNAL = "Q Rev Biophys",
   YEAR = "1994",
   MONTH = "Aug",
   VOLUME = "27",
   NUMBER = "3",
   PAGES = "219--290",
   NOTE = ""
}

@ARTICLE{HeizmannHunziker91,
   AUTHOR = "CW Heizmann and W Hunziker",
   TITLE = "Intracellular calcium-binding proteins: more sites than insights",
   JOURNAL = "Trends Biochem Sci",
   YEAR = "1991",
   MONTH = "Mar",
   VOLUME = "16",
   NUMBER = "3",
   PAGES = "98--103",
   NOTE = ""
}

@ARTICLE{Kao94,
   AUTHOR = "JP Kao",
   TITLE = "Practical aspects of measuring [{\Ca}] with fluorescent indicators",
   JOURNAL = "Methods Cell Biol",
   YEAR = "1994",
   VOLUME = "40",
   PAGES = "155--181",
   NOTE = ""
}

@ARTICLE{KosterEtal95,
   AUTHOR = "HP Koster and A Hartog and CH Van Os and RJ Bindels",
   TITLE = "Calbindin-D28K facilitates cytosolic calcium diffusion without interfering with calcium signaling",
   JOURNAL = "Cell Calcium",
   YEAR = "1995",
   MONTH = "Sep",
   VOLUME = "18",
   NUMBER = "3",
   PAGES = "187--196",
   NOTE = ""
}

@ARTICLE{PethigEtal89,
   AUTHOR = "R Pethig and M Kuhn and R Payne and E Adler and TH Chen and LF Jaffe",
   TITLE = "On the dissociation constants of BAPTA-type calcium buffers",
   JOURNAL = "Cell Calcium",
   YEAR = "1989",
   MONTH = "Oct",
   VOLUME = "10",
   NUMBER = "7",
   PAGES = "491--498",
   NOTE = ""
}

@ARTICLE{Tsien80,
   AUTHOR = "RY Tsien",
   TITLE = "New calcium indicators and buffers with high selectivity against magnesium and protons: design, synthesis, and properties of prototype structures",
   JOURNAL = "Biochemistry",
   YEAR = "1980",
   MONTH = "May",
   VOLUME = "19",
   NUMBER = "11",
   PAGES = "2396--2404",
   NOTE = ""
}


@INBOOK{Helmchen99, 
   TITLE = {Dendrites as biochemical compartments}, 
   AUTHORS = {F Helmchen},               
   PAGES = {161--192},
   BOOKTITLE = {Dendrites},
   EDITOR = {G Stuart and N Spruston and M Hausser},
   PUBLISHER = {Oxford University Press},
   YEAR = {1999},
   ADDRESS = {Oxford}
}

@ARTICLE{DenkEtal96,
   AUTHOR = "W Denk and R Yuste and K Svoboda and DW Tank",
   TITLE = "Imaging calcium dynamics in dendritic spines",
   JOURNAL = "Curr Opin Neurobiol",
   YEAR = "1996",
   MONTH = "Jun",
   VOLUME = "6",
   NUMBER = "3",
   PAGES = "372--378",
   NOTE = ""
}

@ARTICLE{SvobodaEtal97,
   AUTHOR = "K Svoboda and W Denk and D Kleinfeld and DW Tank",
   TITLE = "In vivo dendritic calcium dynamics in neocortical pyramidal neurons",
   JOURNAL = "Nature",
   YEAR = "1997",
   MONTH = "Jan",
   VOLUME = "385",
   NUMBER = "6612",
   PAGES = "161--165",
   NOTE = ""
}

@ARTICLE{SabatiniEtal01,
   AUTHOR = "BL Sabatini and M Maravall and K Svoboda",
   TITLE = "{\Ca} signaling in dendritic spines",
   JOURNAL = "Curr Opin Neurobiol",
   YEAR = "2001",
   MONTH = "Jun",
   VOLUME = "11",
   NUMBER = "3",
   PAGES = "349--356",
   NOTE = ""
}


@ARTICLE{NimchinskyEtal02,
   AUTHOR = "EA Nimchinsky and BL Sabatini and K Svoboda",
   TITLE = "Structure and function of dendritic spines",
   JOURNAL = "Annu Rev Physiol",
   YEAR = "2002",
   VOLUME = "64",
   PAGES = "313--353",
   NOTE = ""
}

@INBOOK{CelioEtal96, 
   TITLE = {Introduction to EF-hand calcium-binding proteins}, 
   AUTHORS = {MR Celio and TL Pauls and B Schwaller},
   PAGES = {15--20},
   BOOKTITLE = {Guidebook to the calcium-binding proteins},
   EDITOR = {MR Celio and TL Pauls and B Schwaller},
   PUBLISHER = {Oxford University Press, Inc.},
   YEAR = {1996},
   ADDRESS = {New York}
}

@ARTICLE{HarkinsEtal93,
   AUTHOR = "AB Harkins and N Kurebayashi and SM Baylor",
   TITLE = "Resting myoplasmic free calcium in frog skeletal muscle fibers estimated with fluo-3",
   JOURNAL = "Biophys J",
   YEAR = "1993",
   MONTH = "Aug",
   VOLUME = "65",
   NUMBER = "2",
   PAGES = "865--881",
   NOTE = ""
}

@ARTICLE{PapeEtal95,
   AUTHOR = "PC Pape and DS Jong and WK Chandler",
   TITLE = "Calcium release and its voltage dependence in frog cut muscle fibers equilibrated with 20 m{M} {EGTA}",
   JOURNAL = "J Gen Physiol",
   YEAR = "1995",
   MONTH = "",
   VOLUME = "106",
   NUMBER = "",
   PAGES = "259--336",
   NOTE = ""
}

@INPROCEEDINGS{ShermanEtal02, 
   TITLE = {Whole-Cell Models}, 
   AUTHOR = {AS Sherman and YX Li and JE Keizer},      
   PAGES = {101--139},
   BOOKTITLE = {Computational Cell Biology},
   EDITOR = {CP Fall and ES Marland and JM Wagner and JJ Tyson}, 
   PUBLISHER = {Springer-Verlag},
   YEAR = {2002},
   ADDRESS = {New York, NY}
}

@ARTICLE{FinchAugustine98,
   AUTHOR = "EA Finch and GJ Augustine",
   TITLE = "Local calcium signalling by inositol-1,4,5-trisphosphate in {P}urkinje cell dendrites",
   JOURNAL = "Nature",
   YEAR = "1998",
   MONTH = "Dec",
   VOLUME = "396",
   NUMBER = "6713",
   PAGES = "753--756",
   NOTE = ""
}

@ARTICLE{FinkEtal00,
   AUTHOR = "CC Fink and B Slepchenko and II Moraru and J Watras and JC Schaff and LM Loew",
   TITLE = "An image-based model of calcium waves in differentiated neuroblastoma cells",
   JOURNAL = "Biophys J",
   YEAR = "2000",
   MONTH = "Jul",
   VOLUME = "79",
   NUMBER = "1",
   PAGES = "163--183",
   NOTE = ""
}

@BOOK{Murray89, 
   TITLE = {Mathematical Biology},
   AUTHOR = {JD Murray},
   PUBLISHER = {Springer Verlag}, 
   YEAR = {1989},
   ADDRESS = {Berlin}
}

@BOOK{Koch99, 
   TITLE = {Biophysics of Computation: Information Processing in Single Neurons},
   AUTHOR = {C Koch},
   PUBLISHER = {Oxford University Press}, 
   YEAR = {1999},
   ADDRESS = {Oxford}
}

@ARTICLE{ZadorKoch94,
   AUTHOR = "A Zador and C Koch",
   TITLE = "Linearized models of calcium dynamics: formal equivalence to the cable equation",
   JOURNAL = "J Neurosci",
   YEAR = "1994",
   MONTH = "Aug",
   VOLUME = "14",
   NUMBER = "8",
   PAGES = "4705--4715",
   NOTE = ""
}

@INPROCEEDINGS{MascagniSherman98, 
   TITLE = {Numerical methods for neuronal modeling}, 
   AUTHOR = {MV Mascagni and AS Sherman},      
   PAGES = {569--606},
   BOOKTITLE = {Methods in Neuronal Modeling: From Ions to Networks, 2nd edition},
   EDITOR = {C Koch and I Segev}, 
   PUBLISHER = {The MIT Press},
   YEAR = {1998},
   ADDRESS = {Cambridge, MA}
}

@ARTICLE{GrynkiewiczEtal85,
   AUTHOR = "G Grynkiewicz and M Poenie and RY Tsien",
   TITLE = "A new generation of {\Ca} indicators with greatly improved fluorescence properties",
   JOURNAL = "J Biol Chem",
   YEAR = "1985",
   MONTH = "Mar",
   VOLUME = "260",
   NUMBER = "6",
   PAGES = "3440--3450",
   NOTE = ""
}

@BOOK{StuartEtal99WholeBook, 
   TITLE = {Dendrites},
   AUTHOR = {G Stuart and N Spruston and M Hausser},
   PUBLISHER = {Oxford University Press}, 
   YEAR = {1999},
   ADDRESS = {Oxford}
}


@ARTICLE{Ehrlich95,
   AUTHOR = "BE Ehrlich",
   TITLE = "Functional properties of intracellular calcium-release channels",
   JOURNAL = "Curr Opin Neurobiol",
   YEAR = "1995",
   MONTH = "Jun",
   VOLUME = "5",
   NUMBER = "3",
   PAGES = "304--309",
   NOTE = ""
}

@BOOK{CelioEtal96WholeBook, 
   AUTHOR = {MR Celio and TL Pauls and B Schwaller},
   TITLE = {Guidebook to the calcium-binding proteins},
   YEAR = {1996},
   PUBLISHER = {Oxford University Press, Inc.},
   ADDRESS = {Oxford},
   ISBN = {}
} 

@ARTICLE{Clapham95,
   AUTHOR = "DE Clapham",
   TITLE = "Calcium signaling",
   JOURNAL = "Cell",
   YEAR = "1995",
   MONTH = "Jan",
   VOLUME = "80",
   NUMBER = "2",
   PAGES = "259--268",
   NOTE = ""
}
 
@ARTICLE{GhoshGreenberg95,
   AUTHOR = "A Ghosh and ME Greenberg",
   TITLE = "Calcium signaling in neurons: molecular mechanisms and cellular consequences",
   JOURNAL = "Science",
   YEAR = "1995",
   MONTH = "Apr",
   VOLUME = "268",
   NUMBER = "5208",
   PAGES = "239--247",
   NOTE = ""
}

@INPROCEEDINGS{Stanley95, 
   TITLE = {Calcium entry and the functional organization of the presynaptic transmitter release site},
   AUTHOR = {EF Stanley},      
   PAGES = {},
   BOOKTITLE = {Excitatory Amino Acids and Synaptic Transmission, 2nd edition},
   EDITOR = {HV Wheal and AM Thomson}, 
   PUBLISHER = {Academic Press}, 
   YEAR = {1995},
   ADDRESS = {New York, NY}
}


@ARTICLE{BertramSherman98,
   AUTHOR = "R Bertram and A Sherman",
   TITLE = "Population dynamics of synaptic release sites",
   JOURNAL = "SIAM J Appl Math",
   YEAR = "1998",
   MONTH = "Feb",
   VOLUME = "58",
   NUMBER = "1",
   PAGES = "142--169",
   NOTE = ""
}

@ARTICLE{ZahradnikovaZahradnik99,
   AUTHOR = "A Zahradnikova and I Zahradnik",
   TITLE = "Analysis of calcium-induced calcium release in cardiac sarcoplasmic reticulum vesicles using models derived from single-channel data",
   JOURNAL = "Biochim Biophys Acta",
   YEAR = "1999",
   MONTH = "May",
   VOLUME = "1418",
   NUMBER = "2",
   PAGES = "268--284",
   NOTE = ""
}

@ARTICLE{SaftenkuEtal01,
   AUTHOR = "E Saftenku and AJ Williams and R Sitsapesan",
   TITLE = "Markovian models of low and high activity levels of cardiac ryanodine receptors",
   JOURNAL = "Biophys J",
   YEAR = "2001",
   MONTH = "Jun",
   VOLUME = "80",
   NUMBER = "6",
   PAGES = "2727--2741",
   NOTE = ""
}

@ARTICLE{ZahradnikovaEtal99,
   AUTHOR = "A Zahradnikova and I Zahradnik and I Gy{\"o}rke and S Gy{\"o}rke",
   TITLE = "Rapid activation of the cardiac ryanodine receptor by submillisecond calcium stimuli",
   JOURNAL = "J Gen Physiol",
   YEAR = "1999",
   MONTH = "Dec",
   VOLUME = "114",
   NUMBER = "6",
   PAGES = "787--798",
   NOTE = ""
}

@BOOK{Crank75, 
   AUTHOR = {J Crank},            
   TITLE = {The Mathematics of Diffusion, 2nd edition},
   YEAR = {1975},
   PUBLISHER = {Clarendon Press}, 
   ADDRESS = {Oxford},
   ISBN = {}
} 

@BOOK{MortonMayers94, 
   AUTHOR = {KW Morton and DF Mayers},            
   TITLE = {Numerical Solution of Partial Differential Equations: An Introduction},
   YEAR = {1994},
   PUBLISHER = {Cambridge University Press}, 
   ADDRESS = {Cambridge},
   ISBN = {}
} 

@BOOK{Berg83,
   AUTHOR = {HC Berg},            
   TITLE = {Random Walks in Biology},
   YEAR = {1983},
   PUBLISHER = {Princeton University Press}, 
   ADDRESS = {Princeton, New Jersey},
   ISBN = {}
} 


@ARTICLE{MeinrenkenEtal02,
   AUTHOR = "CJ Meinrenken and JG Borst and B Sakmann",
   TITLE = "Calcium secretion coupling at calyx of held governed by nonuniform channel-vesicle topography",
   JOURNAL = "J Neurosci",
   YEAR = "2002",
   MONTH = "Mar",
   VOLUME = "22",
   NUMBER = "5",
   PAGES = "1648--1667",
   NOTE = ""
}

@INPROCEEDINGS{DeSchutterSmolen98, 
   TITLE = {Calcium dynamics in large neuronal models}, 
   AUTHOR = {E DeSchutter and P Smolen},      
   PAGES = {211--250},
   BOOKTITLE = {Methods in Neuronal Modeling: From Ions to Networks, 2nd edition},
   EDITOR = {C Koch and I Segev}, 
   PUBLISHER = {The MIT Press},
   YEAR = {1998},
   ADDRESS = {Cambridge, MA}
}


@ARTICLE{CollinsEtal01, 
   AUTHOR = {TJ Collins and P Lipp and MJ Berridge and MD Bootman},      
   TITLE = {Mitochondrial {\Ca} uptake depends on the spatial and temporal profile of cytosolic {\Ca} signals}, 
   JOURNAL = {J Biol Chem}, 
   VOLUME = {276},
   NUMBER = {28}, 
   PAGES = {26411--20},
   MONTH = {},
   NOTE = {},
   YEAR = {2001} 
}


@ARTICLE{ChoiEtal96, 
   AUTHOR = {OH Choi and JH Kim and JP Kinet},         
   TITLE = {Calcium mobilization via sphingosine kinase in signalling by the {Fc} epsilon {RI} antigen receptor},
   JOURNAL = {Nature}, 
   VOLUME = {380},
   NUMBER = {6575}, 
   PAGES = {634--6},
   MONTH = {},
   NOTE = {},
   YEAR = {1996} 
}


@ARTICLE{SugawaraEtal97, 
   AUTHOR = {H Sugawara and M Kurosaki and M Takata and T Kurosaki},      
   TITLE = {Genetic evidence for involvement of type 1, type 2 and type 3 inositol 1,4,5-trisphosphate receptors in signal transduction through the {B}-cell antigen receptor}, 
   JOURNAL = {EMBO}, 
   VOLUME = {16},
   NUMBER = {11}, 
   PAGES = {3078--88},
   MONTH = {},
   NOTE = {},
   YEAR = {1997} 
}


@ARTICLE{JohnEtal01, 
   AUTHOR = {LM John and M Mosquera-Caro and P Camacho and JD Lechleiter},      
   TITLE = {Control of {\Ip}-mediated {\Ca} puffs in Xenopus laevis oocytes by the {\Ca}-binding protein parvalbumin}, 
   JOURNAL = {J Physiol}, 
   VOLUME = {535},
   NUMBER = {Pt 1}, 
   PAGES = {3--16},
   MONTH = {},
   NOTE = {},
   YEAR = {2001} 
}


@ARTICLE{CamachoLechleiter95, 
   AUTHOR = {P Camacho and JD Lechleiter},            
   TITLE = {Calreticulin inhibits repetitive intracellular {\Ca} waves}, 
   JOURNAL = {Cell}, 
   VOLUME = {82},
   NUMBER = {5}, 
   PAGES = {765--71},
   MONTH = {},
   NOTE = {},
   YEAR = {1995} 
}


@BOOK{CarslawJaeger59,
   AUTHOR = {HS Carslaw and JC Jaeger},            
   TITLE = {Conduction of Heat in Solids, 2nd edition},
   YEAR = {1959},
   PUBLISHER = {Clarendon Press}, 
   ADDRESS = {Oxford},
   ISBN = {}
} 


@ARTICLE{ShermanEtal90, 
   AUTHOR = {A Sherman and J Keizer and J Rinzel},         
   TITLE = {Domain model for {\Ca}-inactivation of {\Ca} channels at low channel density}, 
   JOURNAL = {Biophys J}, 
   VOLUME = {58},
   NUMBER = {4}, 
   PAGES = {985--95},
   MONTH = {},
   NOTE = {},
   YEAR = {1990} 
}


@ARTICLE{WagnerEtal98, 
   AUTHOR = {J Wagner and YX Li and J Pearson and J Keizer},      
   TITLE = {Simulation of the fertilization {\Ca} wave in {X}enopus laevis eggs}, 
   JOURNAL = {Biophys J}, 
   VOLUME = {75},
   NUMBER = {4}, 
   PAGES = {2088--97},
   MONTH = {},
   NOTE = {},
   YEAR = {1998} 
}


@ARTICLE{DupontGoldbeter92, 
   AUTHOR = {G Dupont and A Goldbeter},            
   TITLE = {Oscillations and waves of cytosolic {\Ca}: insights from theoretical models}, 
   JOURNAL = {Bioessays}, 
   VOLUME = {14},
   NUMBER = {7}, 
   PAGES = {485--93},
   MONTH = {},
   NOTE = {},
   YEAR = {1992} 
}


@ARTICLE{DupontEtal91, 
   AUTHOR = {G Dupont and MJ Berridge and A Goldbeter},         
   TITLE = {Signal-induced {\Ca} oscillations: properties of a model based on {\Ca}-induced {\Ca} release}, 
   JOURNAL = {Cell Calcium}, 
   VOLUME = {12},
   NUMBER = {2--3}, 
   PAGES = {73--85},
   MONTH = {},
   NOTE = {},
   YEAR = {1991} 
}


@ARTICLE{DupontGoldbeter94, 
   AUTHOR = {G Dupont and A Goldbeter},            
   TITLE = {Properties of intracellular {\Ca} waves generated by a model based on {\Ca}-induced {\Ca} release}, 
   JOURNAL = {Biophys J}, 
   VOLUME = {67},
   NUMBER = {6}, 
   PAGES = {2191--204},
   MONTH = {},
   NOTE = {},
   YEAR = {1994} 
}


@ARTICLE{GirardEtal92, 
   AUTHOR = {S Girard and A Luckhoff and J Lechleiter and J Sneyd and D Clapham},   
   TITLE = {Two-dimensional model of {\Ca} waves reproduces the patterns observed in {X}enopus oocytes},
   JOURNAL = {Biophys J}, 
   VOLUME = {61},
   NUMBER = {2}, 
   PAGES = {509--17},
   MONTH = {},
   NOTE = {},
   YEAR = {1992} 
}


@ARTICLE{Jafri95, 
   AUTHOR = {MS Jafri},               
   TITLE = {A theoretical study of cytosolic {\Ca} waves in {X}enopus oocytes}, 
   JOURNAL = {J Theor Biol}, 
   VOLUME = {172},
   NUMBER = {3}, 
   PAGES = {209--16},
   MONTH = {},
   NOTE = {},
   YEAR = {1995} 
}


@ARTICLE{JafriKeizer94, 
   AUTHOR = {MS Jafri and J Keizer},            
   TITLE = {Diffusion of inositol 1,4,5-trisphosphate but not {\Ca} is necessary for a class of inositol 1,4,5-trisphosphate-induced {\Ca} waves}, 
   JOURNAL = {Proc Natl Acad Sci {USA}}, 
   VOLUME = {91},
   NUMBER = {20}, 
   PAGES = {9485--9},
   MONTH = {},
   NOTE = {},
   YEAR = {1994} 
}


@ARTICLE{Berridge98, 
   AUTHOR = {MJ Berridge},               
   TITLE = {Neuronal {\Ca} signaling}, 
   JOURNAL = {Neuron}, 
   VOLUME = {21},
   NUMBER = {1}, 
   PAGES = {13--26},
   MONTH = {},
   NOTE = {},
   YEAR = {1998} 
}


@ARTICLE{JafriKeizer95, 
   AUTHOR = {MS Jafri and J Keizer},            
   TITLE = {On the roles of {\Ca} diffusion, {\Ca} buffers, and the endoplasmic reticulum in {\Ip}-induced {\Ca} waves}, 
   JOURNAL = {Biophys J}, 
   VOLUME = {69},
   NUMBER = {5}, 
   PAGES = {2139--53}, 
   MONTH = {},
   NOTE = {},
   YEAR = {1995} 
}


@ARTICLE{NelsonEtal95, 
   AUTHOR = {MT Nelson and H Cheng and M Rubart and LF Santana and AD Bonev and HJ Knot and WJ Lederer}, 
   TITLE = {Relaxation of arterial smooth muscle by {\Ca} sparks}, 
   JOURNAL = {Science}, 
   VOLUME = {270},
   NUMBER = {5236}, 
   PAGES = {633--7}, 
   MONTH = {},
   NOTE = {},
   YEAR = {1995} 
}


@ARTICLE{Niggli99, 
   AUTHOR = {E Niggli},               
   TITLE = {Localized intracellular {\Ca} signaling in muscle: {\Ca} sparks and {\Ca} quarks}, 
   JOURNAL = {Annu Rev Physiol}, 
   VOLUME = {61},
   NUMBER = {}, 
   PAGES = {311--35}, 
   MONTH = {},
   NOTE = {},
   YEAR = {1999} 
}


@ARTICLE{Berridge93a, 
   AUTHOR = {MJ Berridge},               
   TITLE = {Inositol trisphosphate and {\Ca} signaling}, 
   JOURNAL = {Nature}, 
   VOLUME = {361},
   NUMBER = {6410}, 
   PAGES = {315--25},
   MONTH = {},
   NOTE = {},
   YEAR = {1993} 
}


@ARTICLE{ChengEtal96, 
   AUTHOR = {H Cheng and MR Lederer and WJ Lederer and MB Cannell},      
   TITLE = {{\Ca} sparks and {\Cai} waves in cardiac myocytes}, 
   JOURNAL = {Am J Physiol}, 
   VOLUME = {270},
   NUMBER = {1 Pt 1}, 
   PAGES = {C148--59}, 
   MONTH = {},
   NOTE = {},
   YEAR = {1996} 
}


@ARTICLE{Berridge97, 
   AUTHOR = {MJ Berridge},               
   TITLE = {Elementary and global aspects of {\Ca} signalling}, 
   JOURNAL = {J Physiol (London)}, 
   VOLUME = {499},
   NUMBER = {Pt 2}, 
   PAGES = {291--306},
   MONTH = {},
   NOTE = {}, 
   YEAR = {1997} 
}


@ARTICLE{AllbrittonEtal92, 
   AUTHOR = {NL Allbritton and T Meyer and L Stryer},         
   TITLE = {Range of messenger action of {\Ca} ion and inositol 1,4,5-trisphosphate}, 
   JOURNAL = {Science}, 
   VOLUME = {258},
   NUMBER = {5089}, 
   PAGES = {1812--5},
   MONTH = {},
   NOTE = {},
   YEAR = {1992} 
}


@ARTICLE{GabsoEtal97, 
   AUTHOR = {M Gabso and E Neher and ME Spira},         
   TITLE = {Low mobility of the {\Ca} buffers in axons of cultured {A}plysia neurons}, 
   JOURNAL = {Neuron}, 
   VOLUME = {18},
   NUMBER = {3}, 
   PAGES = {473--81},
   MONTH = {},
   NOTE = {},
   YEAR = {1997} 
}


@ARTICLE{SalaHernandez-Cruz90, 
   AUTHOR = {F Sala and A Hernandez-Cruz},            
   TITLE = {{\Ca} diffusion modeling in a spherical neuron. {R}elevance of buffering properties}, 
   JOURNAL = {Biophys J}, 
   VOLUME = {57},
   NUMBER = {2}, 
   PAGES = {313--24},
   MONTH = {},
   NOTE = {},
   YEAR = {1990} 
}


@ARTICLE{DufourEtal97, 
   AUTHOR = {JF Dufour and IM Arias and TJ Turner},         
   TITLE = {Inositol 1,4,5-trisphosphate and {\Ca} regulate the {\Ca} channel function of the hepatic inositol 1,4,5-trisphosphate receptor}, 
   JOURNAL = {J Biol Chem}, 
   VOLUME = {272},
   NUMBER = {5}, 
   PAGES = {2675--81},
   MONTH = {},
   NOTE = {},
   YEAR = {1997} 
}


@ARTICLE{MarchantTaylor97, 
   AUTHOR = {JS Marchant and CW Taylor},            
   TITLE = {Cooperative activation of {\Ip} receptors by sequential binding of {\Ip} and {\Ca} safeguards against spontaneous activity},
   JOURNAL = {Curr Biol}, 
   VOLUME = {7},
   NUMBER = {7}, 
   PAGES = {510--8},
   MONTH = {},
   NOTE = {},
   YEAR = {1997} 
}


@ARTICLE{HajnoczkyThomas97, 
   AUTHOR = {G Hajnoczky and AP Thomas},            
   TITLE = {Minimal requirements for {\Ca} oscillations driven by the {\Ip} receptor}, 
   JOURNAL = {EMBO}, 
   VOLUME = {16},
   NUMBER = {12}, 
   PAGES = {3533--43},
   MONTH = {},
   NOTE = {},
   YEAR = {1997} 
}


@ARTICLE{HajnoczkyThomas94, 
   AUTHOR = {G Hajnoczky and AP Thomas},            
   TITLE = {The inositol trisphosphate {\Ca} channel is inactivated by inositol trisphosphate}, 
   JOURNAL = {Nature}, 
   VOLUME = {370},
   NUMBER = {6489}, 
   PAGES = {474--7},
   MONTH = {},
   NOTE = {},
   YEAR = {1994} 
}


@ARTICLE{BugrimEtal97, 
   AUTHOR = {AE Bugrim and AM Zhabotinsky and IR Epstein},         
   TITLE = {{\Ca} waves in a model with a random spatially discrete distribution of {\Ca} release sites}, 
   JOURNAL = {Biophys J}, 
   VOLUME = {73},
   NUMBER = {6}, 
   PAGES = {2897--906},
   MONTH = {},
   NOTE = {},
   YEAR = {1997} 
}


@ARTICLE{MogamiEtal98, 
   AUTHOR = {H Mogami and AV Tepikin and OH Petersen},         
   TITLE = {Termination of cytosolic {\Ca} signals: {\Ca} reuptake into intracellular stores is regulated by the free {\Ca} concentration in the store lumen},
   JOURNAL = {EMBO}, 
   VOLUME = {17},
   NUMBER = {2}, 
   PAGES = {435--42},
   MONTH = {},
   NOTE = {},
   YEAR = {1998} 
}

@ARTICLE{Roberts94,
   AUTHOR = {WM Roberts},               
   TITLE = {Localization of {\Ca} signals by a mobile {\Ca} buffer in frog saccular hair cells}, 
   JOURNAL = {Nature}, 
   VOLUME = {14},
   NUMBER = {5 Pt 2}, 
   PAGES = {3246--62},
   MONTH = {},
   NOTE = {},
   YEAR = {1994} 
}


@ARTICLE{Roberts93,
   AUTHOR = {WM Roberts},               
   TITLE = {Spatial {\Ca} buffering in saccular hair cells}, 
   JOURNAL = {Nature}, 
   VOLUME = {363},
   NUMBER = {6424}, 
   PAGES = {74--6},
   MONTH = {},
   NOTE = {},
   YEAR = {1993} 
}


@ARTICLE{Joseph96, 
   AUTHOR = {SK Joseph},               
   TITLE = {The inositol triphosphate receptor family}, 
   JOURNAL = {Cell Signal}, 
   VOLUME = {8},
   NUMBER = {1}, 
   PAGES = {1--7},
   MONTH = {},
   NOTE = {},
   YEAR = {1996} 
}


@BOOK{SetubalMeidanis97, 
   AUTHOR = {J Setubal and J Meidanis},            
   TITLE = {Introduction to computational molecular biology}, 
   PUBLISHER = {PWS Publishing Company},
   ADDRESS = {Boston, MA},
   YEAR = {1997},
   ISBN = {}
}


@BOOK{KeenerSneyd98, 
   AUTHOR = {J Keener and J Sneyd},            
   TITLE = {Mathematical physiology}, 
   PUBLISHER = {Springer},
   ADDRESS = {New York},
   YEAR = {1998},
   ISBN = {}
}


@BOOK{Edelstein-Keshet88, 
   AUTHOR = {L Edelstein-Keshet},               
   TITLE = {Mathematical Models in Biology},
   PUBLISHER = {McGraw-Hill},
   ADDRESS = {Boston, MA},
   YEAR = {1988},
   ISBN = {0-07-554950-6}
}


@BOOK{FallEtal02, 
   AUTHOR = {C Fall and E Marland and J Wagner and J Tyson},      
   TITLE = {Keizer's computational cell},
   PUBLISHER = {Springer-Verlag},
   ADDRESS = {},
   YEAR = {2002},
   ISBN = {}
}


@BOOK{Hille01,
   AUTHOR = {B Hille},               
   TITLE = {Ionic Channels of Excitable Membranes, 3rd edition},
   PUBLISHER = {Sinauer Associates},
   ADDRESS = {Sunderland, MA},
   YEAR = {2001},
   ISBN = {}
}


@BOOK{Weiss96,
   AUTHOR = {TF Weiss},               
   TITLE = {Cellular biophysics},
   PUBLISHER = {MIT Press},
   ADDRESS = {Cambridge, MA},
   YEAR = {1996},
   ISBN = {}
}


@ARTICLE{WilsonEtal98, 
   AUTHOR = {BS Wilson and JR Pfeiffer and AJ Smith and JM Oliver and JA Oberdorf and RJ Wojcikiewicz},
   TITLE = {{\Ca}-dependent clustering of inositol 1,4,5-trisphosphate receptors}, 
   JOURNAL = {Mol Biol Cell}, 
   VOLUME = {9},
   NUMBER = {6}, 
   PAGES = {1465--78},
   MONTH = {},
   NOTE = {},
   YEAR = {1998} 
}


@ARTICLE{ThomasEtal00b, 
   AUTHOR = {D Thomas and SC Tovey and TJ Collins and MB Bootman and MJ Berridge and P Lipp}, 
   TITLE = {A comparison of fluorescent {\Ca} indicator properties and their use in measuring elementary and global {\Ca} signals}, 
   JOURNAL = {Cell Calcium}, 
   VOLUME = {28},
   NUMBER = {4}, 
   PAGES = {213--23},
   MONTH = {},
   NOTE = {},
   YEAR = {2000} 
}


@ARTICLE{ThomasEtal00a, 
   AUTHOR = {D Thomas and P Lipp and SC Tovey and MJ Berridge and W Li and RY Tsien and MD Bootman}, 
   TITLE = {Microscopic properties of elementary {\Ca} release sites in non-excitable cells}, 
   JOURNAL = {Curr Biol}, 
   VOLUME = {10},
   NUMBER = {1}, 
   PAGES = {8--15},
   MONTH = {},
   NOTE = {},
   YEAR = {2000} 
}


@ARTICLE{BootmanLipp99, 
   AUTHOR = {MD Bootman and P Lipp},            
   TITLE = {Ringing changes to the `bell-shaped curve'}, 
   JOURNAL = {Curr Biol}, 
   VOLUME = {9},
   NUMBER = {23}, 
   PAGES = {R876--8},
   MONTH = {},
   NOTE = {},
   YEAR = {1999} 
}


@ARTICLE{KoizumiEtal99b, 
   AUTHOR = {S Koizumi and P Lipp and MJ Berridge and MD Bootman},      
   TITLE = {Regulation of ryanodine receptor opening by lumenal {\Ca} underlies quantal {\Ca} release in PC12 cells}, 
   JOURNAL = {J Biol Chem}, 
   VOLUME = {274},
   NUMBER = {47}, 
   PAGES = {33327--33},
   MONTH = {},
   NOTE = {},
   YEAR = {1999} 
}


@ARTICLE{KoizumiEtal99a, 
   AUTHOR = {S Koizumi and MD Bootman and LK Bobanovic and MJ Schell and MJ Berridge and P Lipp}, 
   TITLE = {Characterization of elementary {\Ca} release signals in NGF-differentiated PC12 cells and hippocampal neurons}, 
   JOURNAL = {Neuron}, 
   VOLUME = {22},
   NUMBER = {1}, 
   PAGES = {125--37},
   MONTH = {},
   NOTE = {},
   YEAR = {1999} 
}


@ARTICLE{BobanovicEtal99, 
   AUTHOR = {F Bobanovic and MD Bootman and MJ Berridge and NA Parkinson and P Lipp}, 
   TITLE = {Elementary {\Cai} signals generated by electroporation functionally mimic those evoked by hormonal stimulation}, 
   JOURNAL = {FASEB J}, 
   VOLUME = {13},
   NUMBER = {2}, 
   PAGES = {365--76},
   MONTH = {},
   NOTE = {},
   YEAR = {1999} 
}


@ARTICLE{ThomasEtal98, 
   AUTHOR = {D Thomas and P Lipp and MJ Berridge and MD Bootman},      
   TITLE = {Hormone-evoked elementary {\Ca} signals are not stereotypic, but reflect activation of different size channel clusters and variable recruitment of channels within a cluster}, 
   JOURNAL = {J Biol Chem}, 
   VOLUME = {273},
   NUMBER = {42}, 
   PAGES = {27130--6},
   MONTH = {},
   NOTE = {},
   YEAR = {1998} 
}


@ARTICLE{LippEtal97, 
   AUTHOR = {P Lipp and D Thomas and MJ Berridge and MD Bootman},      
   TITLE = {Nuclear {\Ca} signalling by individual cytoplasmic {\Ca} puffs}, 
   JOURNAL = {EMBO}, 
   VOLUME = {16},
   NUMBER = {23}, 
   PAGES = {7166--73},
   MONTH = {},
   NOTE = {},
   YEAR = {1997} 
}


@ARTICLE{BootmanEtal97, 
   AUTHOR = {MD Bootman and MJ Berridge and P Lipp},         
   TITLE = {Cooking with {\Ca}: the recipes for composing global signals from elementary events}, 
   JOURNAL = {Cell}, 
   VOLUME = {91},
   NUMBER = {3}, 
   PAGES = {367--73},
   MONTH = {},
   NOTE = {},
   YEAR = {1997} 
}


@ARTICLE{LippBootman97, 
   AUTHOR = {P Lipp and MD Bootman},            
   TITLE = {To quark or to spark, that is the question}, 
   JOURNAL = {J Physiol}, 
   VOLUME = {502},
   NUMBER = {Pt 1}, 
   PAGES = {1},
   MONTH = {},
   NOTE = {},
   YEAR = {1996} 
}


@ARTICLE{Bootman96, 
   AUTHOR = {MD Bootman},               
   TITLE = {Hormone-evoked subcellular {\Ca} signals in {HeLa} cells}, 
   JOURNAL = {Cell Calcium}, 
   VOLUME = {20},
   NUMBER = {2}, 
   PAGES = {97--104},
   MONTH = {},
   NOTE = {},
   YEAR = {1996} 
}


@ARTICLE{BootmanBerridge96, 
   AUTHOR = {MD Bootman and MJ Berridge},            
   TITLE = {Subcellular {\Ca} signals underlying waves and graded responses in {HeLa} cells}, 
   JOURNAL = {Curr Biol}, 
   VOLUME = {6},
   NUMBER = {7}, 
   PAGES = {855--65},
   MONTH = {},
   NOTE = {},
   YEAR = {1996} 
}


@ARTICLE{Stern00, 
   AUTHOR = {MD Stern},               
   TITLE = {The model of Snyder et al.\ does not simulate graded {\Ca} release from the cardiac sarcoplasmic reticulum in intact cells}, 
   JOURNAL = {Biophys J}, 
   VOLUME = {79},
   NUMBER = {6}, 
   PAGES = {3353--4},
   MONTH = {},
   NOTE = {},
   YEAR = {2000} 
}


@ARTICLE{RiosEtal01, 
   AUTHOR = {E Rios and N Shirokova and WG Kirsch and G Pizarro and MD Stern and H Cheng and A Gonzalez}, 
   TITLE = {A preferred amplitude of {\Ca} sparks in skeletal muscle}, 
   JOURNAL = {Biophys J}, 
   VOLUME = {80},
   NUMBER = {1}, 
   PAGES = {169--83},
   MONTH = {},
   NOTE = {},
   YEAR = {2001} 
}


@ARTICLE{GonzalezEtal00, 
   AUTHOR = {A Gonzalez and WG Kirsch and N Shirokova and G Pizarro and G Brum and IN Pessah and MD Stern and H Cheng and E Rios}, 
   TITLE = {Involvement of multiple intracellular release channels in {\Ca} sparks of skeletal muscle}, 
   JOURNAL = {Proc Natl Acad Sci {USA}},
   VOLUME = {97},
   NUMBER = {8}, 
   PAGES = {4380--5},
   MONTH = {},
   NOTE = {},
   YEAR = {2000} 
}


@ARTICLE{SternEtal99, 
   AUTHOR = {MD Stern and LS Song and H Cheng and JS Sham and HT Yang and KR Boheler and E Rios}, 
   TITLE = {Local control models of cardiac excitation-contraction coupling. A possible role for allosteric interactions between ryanodine receptors}, 
   JOURNAL = {J Gen Physiol}, 
   VOLUME = {113},
   NUMBER = {3},
   PAGES = {469--89},
   MONTH = {},
   NOTE = {},
   YEAR = {1999} 
}


@ARTICLE{ShirokovaEtal99, 
   AUTHOR = {N Shirokova and A Gonzalez and WG Kirsch and E Rios and G Pizarro and MD Stern and H Cheng}, 
   TITLE = {{\Ca} sparks: release packets of uncertain origin and fundamental role}, 
   JOURNAL = {J Gen Physiol}, 
   VOLUME = {113},
   NUMBER = {3},
   PAGES = {377--84},
   MONTH = {},
   NOTE = {},
   YEAR = {1999} 
}


@ARTICLE{SongEtal97, 
   AUTHOR = {LS Song and MD Stern and EG Lakatta and H Cheng},      
   TITLE = {Partial depletion of sarcoplasmic reticulum {\Ca} does not prevent {\Ca} sparks in rat ventricular myocytes}, 
   JOURNAL = {J Physiol}, 
   VOLUME = {505},
   NUMBER = {Pt 3},
   PAGES = {665--75},
   MONTH = {},
   NOTE = {},
   YEAR = {1997} 
}

@ARTICLE{Stern96a, 
   AUTHOR = {MD Stern},               
   TITLE = {``Adaptive'' behavior of ligand-gated ion channels: constraints by thermodynamics}, 
   JOURNAL = {Biophys J}, 
   VOLUME = {70},
   NUMBER = {5},
   PAGES = {2100--9},
   MONTH = {},
   NOTE = {},
   YEAR = {1996} 
}

@ARTICLE{JanczewskiEtal95, 
   AUTHOR = {AM Janczewski and HA Spurgeon and MD Stern and EG Lakatta},      
   TITLE = {Effects of sarcoplasmic reticulum {\Ca} load on the gain function of {\Ca} release by {\Ca} current in cardiac cells}, 
   JOURNAL = {Am J Physiol}, 
   VOLUME = {268},
   NUMBER = {2 Pt 2},
   PAGES = {H916--20},
   MONTH = {},
   NOTE = {},
   YEAR = {1995} 
}


@ARTICLE{Stern92a, 
   AUTHOR = {MD Stern},               
   TITLE = {Buffering of {\Ca} in the vicinity of a channel pore}, 
   JOURNAL = {Cell Calcium}, 
   VOLUME = {13},
   NUMBER = {3},
   PAGES = {183--92},
   MONTH = {},
   NOTE = {},
   YEAR = {1992} 
}


@ARTICLE{MchikawaEtal99, 
   AUTHOR = {T Michikawa and J Hirota and S Kawano and M Hiraoka and M Yamada and T Furuichi and K Mikoshiba}, 
   TITLE = {Calmodulin mediates {\Ca}-dependent inactivation of the cerebellar type 1 inositol 1,4,5-trisphosphate receptor}, 
   JOURNAL = {Neuron}, 
   VOLUME = {23},
   NUMBER = {4},
   PAGES = {799--808},
   MONTH = {},
   NOTE = {},
   YEAR = {1994} 
}


@ARTICLE{Maranto94, 
   AUTHOR = {AR Maranto},               
   TITLE = {Primary structure, ligand binding, and localization of the human type 3 inositol 1,4,5-trisphosphate receptor expressed in intestinal epithelium}, 
   JOURNAL = {J Biol Chem}, 
   VOLUME = {269},
   NUMBER = {2},
   PAGES = {1222--30},
   MONTH = {},
   NOTE = {},
   YEAR = {1994} 
}


@ARTICLE{SudhofEtal91, 
   AUTHOR = {TC Sudhof and CL Newton and BT Archer 3rd Ushkaryov and YA Mignery and GA }, 
   TITLE = {Structure of a novel {\Ip} receptor}, 
   JOURNAL = {EMBO}, 
   VOLUME = {10},
   NUMBER = {11},
   PAGES = {3199--206},
   MONTH = {},
   NOTE = {},
   YEAR = {1991} 
}


@ARTICLE{DeLisleEtal96, 
   AUTHOR = {S DeLisle and O Blondel and FJ Longo and WE Schnabel and GI Bell and MJ Welsh}, 
   TITLE = {Expression of inositol 1,4,5-trisphosphate receptors changes the {\Ca} signal of {X}enopus oocytes}, 
   JOURNAL = {Am J Physiol}, 
   VOLUME = {270},
   NUMBER = {4 Pt 1},
   PAGES = {C1255--61},
   MONTH = {},
   NOTE = {},
   YEAR = {1996} 
}


@ARTICLE{BlondelEtal93, 
   AUTHOR = {O Blondel and J Takeda and H Janssen and S Seino and GI Bell},   
   TITLE = {Sequence and functional characterization of a third inositol trisphosphate receptor subtype, {\Ipr}-3, expressed in pancreatic islets, kidney, gastrointestinal tract, and other tissues},
   JOURNAL = {J Biol Chem}, 
   VOLUME = {268},
   NUMBER = {15},
   PAGES = {11356--63},
   MONTH = {},
   NOTE = {},
   YEAR = {1993} 
}


@ARTICLE{ParkerEtal96a, 
   AUTHOR = {I Parker and J Choi and Y Yao},         
   TITLE = {Elementary events of {\Ip}-induced {\Ca} liberation in {X}enopus oocytes: hot spots, puffs and blips}, 
   JOURNAL = {Cell Calcium}, 
   VOLUME = {20},
   NUMBER = {2},
   PAGES = {105--21},
   MONTH = {},
   NOTE = {},
   YEAR = {1996} 
}


@ARTICLE{ParkerEtal96b, 
   AUTHOR = {I Parker and WJ Zang and WG Wier},         
   TITLE = {{\Ca} sparks involving multiple {\Ca} release sites along Z-lines in rat heart cells}, 
   JOURNAL = {J Physiol}, 
   VOLUME = {497},
   NUMBER = {Pt 1},
   PAGES = {31--8},
   MONTH = {},
   NOTE = {},
   YEAR = {1996} 
}


@ARTICLE{ParkerWier97, 
   AUTHOR = {I Parker and WG Wier},            
   TITLE = {Variability in frequency and characteristics of {\Ca} sparks at different release sites in rat ventricular myocytes}, 
   JOURNAL = {J Physiol}, 
   VOLUME = {505},
   NUMBER = {Pt 2},
   PAGES = {337--44},
   MONTH = {},
   NOTE = {},
   YEAR = {1997} 
}


@ARTICLE{SunEtal98, 
   AUTHOR = {XP Sun and N Callamaras and JS Marchant and I Parker},      
   TITLE = {A continuum of {\Ip}-mediated elementary {\Ca} signalling events in {X}enopus oocytes}, 
   JOURNAL = {J Physiol}, 
   VOLUME = {509},
   NUMBER = {Pt 1},
   PAGES = {67--80},
   MONTH = {},
   NOTE = {},
   YEAR = {1998} 
}


@ARTICLE{CallamarasEtal98b, 
   AUTHOR = {N Callamaras and JS Marchant and XP Sun and I Parker},      
   TITLE = {Activation and co-ordination of {\Ip}-mediated elementary {\Ca} events during global {\Ca} signals in {X}enopus oocytes}, 
   JOURNAL = {J Physiol}, 
   VOLUME = {509},
   NUMBER = {Pt 1},
   PAGES = {81--91},
   MONTH = {},
   NOTE = {},
   YEAR = {1998} 
}


@ARTICLE{CallamarasEtal98a, 
   AUTHOR = {N Callamaras and XP Sun and I Ivorra and I Parker},      
   TITLE = {Hemispheric asymmetry of macroscopic and elementary {\Ca} signals mediated by {\Ip} in {X}enopus oocytes}, 
   JOURNAL = {J Physiol}, 
   VOLUME = {511},
   NUMBER = {Pt 2},
   PAGES = {395--405},
   MONTH = {},
   NOTE = {},
   YEAR = {1998} 
}


@ARTICLE{MarchantParker98, 
   AUTHOR = {JS Marchant and I Parker},            
   TITLE = {Kinetics of elementary {\Ca} puffs evoked in {X}enopus oocytes by different {Ins(1,4,5)P3} receptor agonists}, 
   JOURNAL = {Biochem J}, 
   VOLUME = {334},
   NUMBER = {Pt 3},
   PAGES = {505--9},
   MONTH = {},
   NOTE = {},
   YEAR = {1998} 
}


@ARTICLE{CallamarasParker99, 
   AUTHOR = {N Callamaras and I Parker},            
   TITLE = {Radial localization of inositol 1,4,5-trisphosphate-sensitive {\Ca} release sites in {X}enopus oocytes resolved by axial confocal linescan imaging}, 
   JOURNAL = {J Gen Physiol}, 
   VOLUME = {113},
   NUMBER = {2},
   PAGES = {199--213},
   MONTH = {},
   NOTE = {},
   YEAR = {1999} 
}


@ARTICLE{MarchantEtal99, 
   AUTHOR = {J Marchant and N Callamaras and I Parker},         
   TITLE = {Initiation of {\Ip}-mediated {\Ca} waves in {X}enopus oocytes}, 
   JOURNAL = {EMBO}, 
   VOLUME = {18},
   NUMBER = {19},
   PAGES = {5285--99},
   MONTH = {},
   NOTE = {},
   YEAR = {1999} 
}


@ARTICLE{CallamarasParker00, 
   AUTHOR = {N Callamaras and I Parker},            
   TITLE = {Phasic characteristic of elementary {\Ca} release sites underlies quantal responses to {\Ip}}, 
   JOURNAL = {EMBO}, 
   VOLUME = {19},
   NUMBER = {14},
   PAGES = {3608--17},
   MONTH = {},
   NOTE = {},
   YEAR = {2000} 
}


@ARTICLE{MarchantParker00, 
   AUTHOR = {JS Marchant and I Parker},            
   TITLE = {Functional interactions in {\Ca} signaling over different time and distance scales}, 
   JOURNAL = {J Gen Physiol}, 
   VOLUME = {116},
   NUMBER = {5},
   PAGES = {691--6},
   MONTH = {},
   NOTE = {},
   YEAR = {2000} 
}


@ARTICLE{MarchantParker01, 
   AUTHOR = {JS Marchant and I Parker},            
   TITLE = {Role of elementary {\Ca} puffs in generating repetitive {\Ca} oscillations}, 
   JOURNAL = {EMBO}, 
   VOLUME = {20},
   NUMBER = {1--2},
   PAGES = {65--76},
   MONTH = {},
   NOTE = {},
   YEAR = {2001} 
}


@ARTICLE{MakEtal01c, 
   AUTHOR = {DO Mak and S McBride and JK Foskett},         
   TITLE = {{ATP} regulation of recombinant type 3 inositol 1,4,5-trisphosphate receptor gating}, 
   JOURNAL = {J Gen Physiol}, 
   VOLUME = {117},
   NUMBER = {5},
   PAGES = {447--56},
   MONTH = {},
   NOTE = {},
   YEAR = {2001} 
}


@ARTICLE{MakEtal01b, 
   AUTHOR = {DO Mak and S McBride and JK Foskett},         
   TITLE = {Regulation by {\Ca} and Inositol 1,4,5-Trisphosphate ({\Ip}) of Single Recombinant Type 3 {\Ip} Receptor Channels}, 
   JOURNAL = {J Gen Physiol}, 
   VOLUME = {117},
   NUMBER = {5},
   PAGES = {435--46},
   MONTH = {},
   NOTE = {},
   YEAR = {2001} 
}


@ARTICLE{MakEtal01a, 
   AUTHOR = {DO Mak and S McBride and JK Foskett},         
   TITLE = {ATP-dependent Adenophostin Activation of Inositol 1,4,5-Trisphosphate Receptor Channel Gating. Kinetic implications for the durations of {\Ca} puffs in cells}, 
   JOURNAL = {J Gen Physiol}, 
   VOLUME = {117},
   NUMBER = {4},
   PAGES = {299--314},
   MONTH = {},
   NOTE = {},
   YEAR = {2001} 
}


@ARTICLE{MakEtal00, 
   AUTHOR = {DO Mak and S McBride and V Raghuram and Y Yue and SK Joseph and JK Foskett},
   TITLE = {Single-channel properties in endoplasmic reticulum membrane of recombinant type 3 inositol trisphosphate receptor}, 
   JOURNAL = {J Gen Physiol}, 
   VOLUME = {115},
   NUMBER = {3},
   PAGES = {241--56},
   MONTH = {},
   NOTE = {},
   YEAR = {2000} 
}


@ARTICLE{MakEtal99, 
   AUTHOR = {DO Mak and S McBride and JK Foskett},         
   TITLE = {ATP regulation of type 1 inositol 1,4,5-trisphosphate receptor channel gating by allosteric tuning of {\Ca} activation}, 
   JOURNAL = {J Biol Chem}, 
   VOLUME = {274},
   NUMBER = {32},
   PAGES = {22231--7},
   MONTH = {},
   NOTE = {},
   YEAR = {1999} 
}


@ARTICLE{MakEtal98, 
   AUTHOR = {DO Mak and S McBride and JK Foskett},         
   TITLE = {Inositol 1,4,5-trisphosphate activation of inositol trisphosphate receptor {\Ca} channel by ligand tuning of {\Ca} inhibition}, 
   JOURNAL = {Proc Natl Acad Sci {USA}}, 
   VOLUME = {95},
   NUMBER = {26},
   PAGES = {15821--5},
   MONTH = {},
   NOTE = {},
   YEAR = {1998} 
}


@ARTICLE{MakFoskett98, 
   AUTHOR = {DO Mak and JK Foskett},            
   TITLE = {Effects of divalent cations on single-channel conduction properties of {X}enopus {\Ip} receptor}, 
   JOURNAL = {Am J Physiol}, 
   VOLUME = {275},
   NUMBER = {1 Pt 1},
   PAGES = {C179--88},
   MONTH = {},
   NOTE = {},
   YEAR = {1998} 
}


@ARTICLE{MakFoskett97, 
   AUTHOR = {DO Mak and JK Foskett},            
   TITLE = {Single-channel kinetics, inactivation, and spatial distribution of inositol trisphosphate ({\Ip}) receptors in {X}enopus oocyte nucleus}, 
   JOURNAL = {J Gen Physiol}, 
   VOLUME = {109},
   NUMBER = {5},
   PAGES = {571--87},
   MONTH = {},
   NOTE = {},
   YEAR = {1997} 
}


@ARTICLE{MakFoskett94, 
   AUTHOR = {DO Mak and JK Foskett},            
   TITLE = {Single-channel inositol 1,4,5-trisphosphate receptor currents revealed by patch clamp of isolated {X}enopus oocyte nuclei}, 
   JOURNAL = {J Biol Chem}, 
   VOLUME = {269},
   NUMBER = {47},
   PAGES = {29375--8},
   MONTH = {},
   NOTE = {},
   YEAR = {1994} 
}


@ARTICLE{Ramos-FrancoEtal00, 
   AUTHOR = {J Ramos-Franco and D Bare and S Caenepeel and A Nani and M Fill and G Mignery},
   TITLE = {Single-channel function of recombinant type 2 inositol 1,4, 5-trisphosphate receptor}, 
   JOURNAL = {Biophys J}, 
   VOLUME = {79},
   NUMBER = {3},
   PAGES = {1388--99},
   MONTH = {},
   NOTE = {},
   YEAR = {2000} 
}


@ARTICLE{Ramos-FrancoEtal99, 
   AUTHOR = {J Ramos-Franco and D Galvan and GA Mignery and M Fill},      
   TITLE = {Location of the permeation pathway in the recombinant type 1 inositol 1,4,5-trisphosphate receptor}, 
   JOURNAL = {J Gen Physiol}, 
   VOLUME = {114},
   NUMBER = {2},
   PAGES = {243--50},
   MONTH = {},
   NOTE = {},
   YEAR = {1999} 
}


@ARTICLE{Ramos-FrancoEtal98b, 
   AUTHOR = {J Ramos-Franco and S Caenepeel and M Fill and G Mignery},      
   TITLE = {Single channel function of recombinant type-1 inositol 1,4,5-trisphosphate receptor ligand binding domain splice variants}, 
   JOURNAL = {Biophys J}, 
   VOLUME = {75},
   NUMBER = {6},
   PAGES = {2783--93},
   MONTH = {},
   NOTE = {},
   YEAR = {1998} 
}


@ARTICLE{Ramos-FrancoEtal98a, 
   AUTHOR = {J Ramos-Franco and M Fill and GA Mignery},         
   TITLE = {Isoform-specific function of single inositol 1,4,5-trisphosphate receptor channels}, 
   JOURNAL = {Biophys J}, 
   VOLUME = {75},
   NUMBER = {2},
   PAGES = {834--9},
   MONTH = {},
   NOTE = {},
   YEAR = {1998} 
}


@ARTICLE{SwattonEtal99, 
   AUTHOR = {JE Swatton and SA Morris and TJ Cardy and CW Taylor},      
   TITLE = {Type 3 inositol trisphosphate receptors in RINm5F cells are biphasically regulated by cytosolic {\Ca} and mediate quantal {\Ca} mobilization}, 
   JOURNAL = {Biochem J}, 
   VOLUME = {344},
   NUMBER = {Pt 1},
   PAGES = {55--60},
   MONTH = {},
   NOTE = {},
   YEAR = {1999} 
}


@ARTICLE{HagarEtal98, 
   AUTHOR = {RE Hagar and AD Burgstahler and MH Nathanson and BE Ehrlich},      
   TITLE = {Type {III} {\Ip} receptor channel stays open in the presence of increased {\Ca}}, 
   JOURNAL = {Nature}, 
   VOLUME = {396},
   NUMBER = {6706},
   PAGES = {81--4},
   MONTH = {},
   NOTE = {},
   YEAR = {1998} 
}


@ARTICLE{HagarEhrlich00b, 
   AUTHOR = {RE Hagar and BE Ehrlich},            
   TITLE = {Regulation of the type {III} {\Ip} receptor and its role in beta cell function}, 
   JOURNAL = {Cell Mol Life Sci}, 
   VOLUME = {57},
   NUMBER = {13--14},
   PAGES = {1938--49},
   MONTH = {},
   NOTE = {},
   YEAR = {2000} 
}


@ARTICLE{HagarEhrlich00a, 
   AUTHOR = {RE Hagar and BE Ehrlich},            
   TITLE = {Regulation of the type {III} {\Ip} receptor by {\Ip} and ATP}, 
   JOURNAL = {Biophys J}, 
   VOLUME = {79},
   NUMBER = {1},
   PAGES = {271--8},
   MONTH = {},
   NOTE = {},
   YEAR = {2000} 
}

@ARTICLE{Bezprozvanny94, 
   AUTHOR = {I Bezprozvanny},               
   TITLE = {Theoretical analysis of {\Ca} wave propagation based on inositol (1,4,5)-trisphosphate receptor functional properties}, 
   JOURNAL = {Cell Calcium}, 
   VOLUME = {16},
   NUMBER = {3},
   PAGES = {151--66},
   MONTH = {},
   NOTE = {},
   YEAR = {1994} 
}


@ARTICLE{NathansonEtal94, 
   AUTHOR = {MH Nathanson and MB Fallon and PJ Padfield and AR Maranto},      
   TITLE = {Localization of the type 3 inositol 1,4,5-trisphosphate receptor in the {\Ca} wave trigger zone of pancreatic acinar cells}, 
   JOURNAL = {J Biol Chem}, 
   VOLUME = {269},
   NUMBER = {7},
   PAGES = {4693--6},
   MONTH = {},
   NOTE = {},
   YEAR = {1994} 
}


@ARTICLE{LeBeauEtal99, 
   AUTHOR = {AP LeBeau and DI Yule and GE Groblewski and J Sneyd},      
   TITLE = {Agonist-dependent phosphorylation of the inositol 1,4,5-trisphosphate receptor: A possible mechanism for agonist-specific
calcium oscillations in pancreatic acinar cells},
   JOURNAL = {J Gen Physiol}, 
   VOLUME = {113},
   NUMBER = {6},
   PAGES = {851--72},
   MONTH = {},
   NOTE = {},
   YEAR = {1999} 
}


@ARTICLE{KaftanEtal97, 
   AUTHOR = {EJ Kaftan and BE Ehrlich and J Watras},         
   TITLE = {Inositol 1,4,5-trisphosphate ({\Ip}) and {\Ca} interact to increase the dynamic range of {\Ip} receptor-dependent {\Ca} signaling}, 
   JOURNAL = {J Gen Physiol}, 
   VOLUME = {110},
   NUMBER = {5},
   PAGES = {529--38},
   MONTH = {},
   NOTE = {},
   YEAR = {1997} 
}


@ARTICLE{TangEtal96, 
   AUTHOR = {Y Tang and JL Stephenson and HG Othmer},         
   TITLE = {Simplification and analysis of models of {\Ca} dynamics based on {\Ip}-sensitive {\Ca} channel kinetics}, 
   JOURNAL = {Biophys J}, 
   VOLUME = {70},
   NUMBER = {1},
   PAGES = {246--263},
   MONTH = {},
   NOTE = {},
   YEAR = {1995} 
}


@ARTICLE{BezprozvannyEhrlich95, 
   AUTHOR = {I Bezprozvanny and BE Ehrlich},            
   TITLE = {The inositol 1,4,5-trisphosphate receptor}, 
   JOURNAL = {J Membr Biol}, 
   VOLUME = {145},
   NUMBER = {3},
   PAGES = {205--16},
   MONTH = {},
   NOTE = {},
   YEAR = {1995} 
}


@ARTICLE{BezprozvannyEhrlich94, 
   AUTHOR = {I Bezprozvanny and BE Ehrlich},            
   TITLE = {Inositol (1,4,5)-trisphosphate ({\Ip})-gated {\Ca} channels from cerebellum: conduction properties for divalent cations and regulation by intraluminal {\Ca}}, 
   JOURNAL = {J Gen Physiol}, 
   VOLUME = {104},
   NUMBER = {5},
   PAGES = {821--56},
   MONTH = {},
   NOTE = {},
   YEAR = {1994} 
}


@ARTICLE{BezprozvannyEtal91, 
   AUTHOR = {I Bezprozvanny and J Watras and BE Ehrlich},         
   TITLE = {Bell-shaped {\Ca}-response curves of {Ins(1,4,5)P3}- and {\Ca}-gated channels from endoplasmic reticulum of cerebellum}, 
   JOURNAL = {Nature}, 
   VOLUME = {351},
   NUMBER = {6329},
   PAGES = {751--4},
   MONTH = {},
   NOTE = {},
   YEAR = {1991} 
}


@BOOK{Hille92,
   AUTHOR = {B Hille},               
   TITLE = {Ionic Channels of Excitable Membranes},
   PUBLISHER = {Sinauer Associates},
   ADDRESS = {Sunderland, MA},
   YEAR = {1992},
   ISBN = {0-87893-323-9}
}


@ARTICLE{JosephEtal89, 
   AUTHOR = {SK Joseph and HL Rice and JR Williamson},         
   TITLE = {The effect of external {\Ca} and {pH} 
   on inositol trisphosphate-mediated {\Ca} release from cerebellum microsomal fractions}, 
   JOURNAL = {Biochem J}, 
   VOLUME = {258},
   NUMBER = {1},
   PAGES = {261--5},
   MONTH = {},
   NOTE = {},
   YEAR = {1989} 
}


@ARTICLE{KeizerEtal95, 
   AUTHOR = {J Keizer and YX Li and S Stojilkovic and J Rinzel},      
   TITLE = {{\Ip}-induced {\Ca} excitability of the 
   endoplasmic reticulum}, 
   JOURNAL = {Mol Biol Cell}, 
   VOLUME = {6},
   NUMBER = {8},
   PAGES = {945--51},
   MONTH = {},
   NOTE = {},
   YEAR = {1995} 
}


@ARTICLE{LiEtal94, 
   AUTHOR = {YX Li and J Rinzel and J Keizer and SS Stojilkovic},      
   TITLE = {{\Ca} oscillations in pituitary gonadotrophs: comparison of experiment and theory}, 
   JOURNAL = {Proc Natl Acad Sci {USA}}, 
   VOLUME = {91},
   NUMBER = {1},
   PAGES = {58--62},
   MONTH = {},
   NOTE = {},
   YEAR = {1994} 
}


@ARTICLE{LiEtal95a, 
   AUTHOR = {YX Li and J Keizer and SS Stojilkovic and J Rinzel},      
   TITLE = {{\Ca} excitability of the {ER} membrane: an explanation for {\Ip}-induced {\Ca} oscillations},
   JOURNAL = {Am J Physiol},  
   VOLUME = {269},
   NUMBER = {5 Pt 1},
   PAGES = {C1079--92},
   MONTH = {},
   NOTE = {},
   YEAR = {1995} 
}


@ARTICLE{LiEtal95b, 
   AUTHOR = {YX Li and J Rinzel and L Vergara and SS Stojilkovic},      
   TITLE = {Spontaneous electrical and {\Ca} oscillations in unstimulated pituitary gonadotrophs}, 
   JOURNAL = {Biophys J},  
   VOLUME = {69},
   NUMBER = {3},
   PAGES = {785--95},
   MONTH = {},
   NOTE = {},
   YEAR = {1995} 
}

@ARTICLE{LiEtal97,
   AUTHOR = "YX Li and SS Stojilkovic and J Keizer and J Rinzel",
   TITLE = "Sensing and refilling calcium stores in an excitable cell",
   JOURNAL = "Biophys J",
   YEAR = "1997",
   MONTH = "Mar",
   VOLUME = "72",
   NUMBER = "3",
   PAGES = "1080--1091",
   NOTE = ""
}


@ARTICLE{LiRinzel94, 
   AUTHOR = {YX Li and J Rinzel},            
   TITLE = {Equations for {\Ipr}-mediated {\Cai} oscillations derived from a detailed kinetic model: a {H}odgkin-{H}uxley like formalism}, 
   JOURNAL = {J Theor Biol},  
   VOLUME = {166},
   NUMBER = {4},
   PAGES = {461--73},
   MONTH = {},
   NOTE = {},
   YEAR = {1994} 
}


@ARTICLE{ParkerIvorra90,
   AUTHOR = {I Parker and I Ivorra},            
   TITLE = {Inhibition by {\Ca} of inositol trisphosphate-mediated {\Ca} liberation: a possible mechanism for oscillatory release of {\Ca}},
   JOURNAL = {Proc Natl Acad Sci {USA}}, 
   VOLUME = {87},
   NUMBER = {1},
   PAGES = {260--4},
   MONTH = {},
   NOTE = {},
   YEAR = {1990} 
}


@ARTICLE{ParkerYao96,
   AUTHOR = {I Parker and Y Yao},            
   TITLE = {{\Ca} transients associated with openings of inositol trisphosphate-gated channels in {X}enopus oocytes}, 
   JOURNAL = {J Physiol}, 
   VOLUME = {491},
   NUMBER = {Pt 3},
   PAGES = {663--8},
   MONTH = {},
   NOTE = {},
   YEAR = {1996} 
}


@ARTICLE{YaoEtal95,
   AUTHOR = {Y Yao and J Choi and I Parker},         
   TITLE = {Quantal puffs of intracellular {\Ca} evoked by inositol trisphosphate in {X}enopus oocytes}, 
   JOURNAL = {J Physiol}, 
   VOLUME = {482},
   NUMBER = {Pt 3},
   PAGES = {533--53},
   MONTH = {},
   NOTE = {},
   YEAR = {1995} 
}


@ARTICLE{SwillensEtal98,
   AUTHOR = {S Swillens and P Champeil and L Combettes and G Dupont},      
   TITLE = {Stochastic simulation of a single inositol 1,4,5-trisphosphate-sensitive {\Ca} channel reveals repetitive openings during `blip-like' {\Ca}
   transients},
   JOURNAL = {Cell Calcium}, 
   VOLUME = {23},
   NUMBER = {5},
   PAGES = {291--302},
   MONTH = {},
   NOTE = {},
   YEAR = {1998} 
}

@ARTICLE{KeizerDeYoung93,
   AUTHOR = {J Keizer and GW {De~Young}},            
   TITLE = {Effect of voltage-gated plasma membrane {\Ca} 
   fluxes on {\Ip}-linked {\Ca} oscillations}, 
   JOURNAL = {Cell Calcium}, 
   VOLUME = {14},
   NUMBER = {5},
   PAGES = {397--410},
   MONTH = {},
   NOTE = {},
   YEAR = {1993} 
}


@ARTICLE{KeizerDeYoung92,
   AUTHOR = {J Keizer and GW {De~Young}},            
   TITLE = {Two roles of {\Ca} in agonist stimulated {\Ca} 
   oscillations}, 
   JOURNAL = {Biophys J}, 
   VOLUME = {61},
   NUMBER = {3},
   PAGES = {649--60},
   MONTH = {},
   NOTE = {},
   YEAR = {1992} 
}


@ARTICLE{DeYoungKeizer92, 
   AUTHOR = {GW {De~Young} and J Keizer},            
   TITLE = {A single-pool inositol 1,4,5-trisphosphate-receptor-based model for agonist-stimulated oscillations in {\Ca} concentration}, 
   JOURNAL = {Proc Natl Acad Sci {USA}}, 
   VOLUME = {89},
   NUMBER = {20},
   PAGES = {9895--9},
   MONTH = {},
   NOTE = {},
   YEAR = {1992} 
}


@ARTICLE{JaniakEtal01, 
   AUTHOR = {R Janiak and SM Wilson and S Montague and JR Hume},      
   TITLE = {Heterogeneity of {\Ca} stores and elementary release events in canine pulmonary arterial smooth muscle cells}, 
   JOURNAL = {Am J Physiol Cell Physiol}, 
   VOLUME = {280},
   NUMBER = {1},
   PAGES = {C22--33},
   MONTH = {},
   NOTE = {},
   YEAR = {2001} 
}


@ARTICLE{JafriEtal98, 
   AUTHOR = {MS Jafri and JJ Rice and RL Winslow},         
   TITLE = {Cardiac {\Ca} dynamics: the roles of ryanodine 
   receptor adaptation and sarcoplasmic reticulum load}, 
   JOURNAL = {Biophys J}, 
   VOLUME = {74},
   NUMBER = {3},
   PAGES = {1149--68},
   MONTH = {},
   NOTE = {},
   YEAR = {1998} 
}


@ARTICLE{FalckeEtal00, 
   AUTHOR = {M Falcke and L Tsimring and H Levine},         
   TITLE = {Stochastic spreading of intracellular {\Ca} release}, 
   JOURNAL = {Phys Rev E Stat Phys Plasmas 
   Fluids Relat Interdiscip Topics}, 
   VOLUME = {62},
   NUMBER = {2 Pt B},
   PAGES = {2636--2643},
   MONTH = {},
   NOTE = {},
   YEAR = {2000} 
}


@ARTICLE{PratusevichBalke96,
   AUTHOR = {VR Pratusevich and CW Balke},            
   TITLE = {Factors shaping the confocal image of the {\Ca} spark in cardiac muscle cells}, 
   JOURNAL = {Biophys J},
   VOLUME = {71},
   NUMBER = {6},
   PAGES = {2942--2957},
   MONTH = {},
   NOTE = {},
   YEAR = {1996} 
}


@ARTICLE{NaraghiNeher97, 
   AUTHOR = {M Naraghi and E Neher},            
   TITLE = {Linearized buffered {\Ca} diffusion in microdomains and its implications for calculation of [{\Ca}] at the mouth of a {\Ca} channel},
   JOURNAL = {J Neurosci}, 
   VOLUME = {17},
   NUMBER = {18},
   PAGES = {6961},
   MONTH = {6973},
   NOTE = {},
   YEAR = {1997}
}


@ARTICLE{Neher86, 
   AUTHOR = {E Neher},               
   TITLE = {Concentration profiles of intracellular {\Ca} 
   in the presence of diffusible chelator}, 
   JOURNAL = {Exp Brain Res}, 
   VOLUME = {14},
   NUMBER = {},
   PAGES = {80--96},
   MONTH = {},
   NOTE = {},
   YEAR = {1986} 
}


@ARTICLE{Neher98a, 
   AUTHOR = {E Neher},               
   TITLE = {Vesicle pools and {\Ca} microdomains: new tools for understanding their roles in neurotransmitter release}, 
   JOURNAL = {Neuron},
   VOLUME = {20},
   NUMBER = {3},
   PAGES = {389},
   MONTH = {399},
   NOTE = {},
   YEAR = {1998} 
}

@ARTICLE{Neher98b, 
   AUTHOR = {E Neher},               
   TITLE = {Usefulness and limitations of linear approximations to the understanding of {\Ca} signals}, 
   JOURNAL = {Cell Calcium}, 
   VOLUME = {24},
   NUMBER = {},
   PAGES = {345},
   MONTH = {},
   NOTE = {},
   YEAR = {1998} 
}


@ARTICLE{SneydEtal98, 
   AUTHOR = {J Sneyd and PD Dale and A Duffy},         
   TITLE = {Traveling waves in buffered systems: applications to {\Ca} waves}, 
   JOURNAL = {SIAM J Applied Math},
   VOLUME = {58},
   NUMBER = {},
   PAGES = {1178--1192},
   MONTH = {},
   NOTE = {},
   YEAR = {1998} 
}


@ARTICLE{WagnerKeizer94, 
   AUTHOR = {J Wagner and J Keizer},            
   TITLE = {Effects of rapid buffers on {\Ca} diffusion and {\Ca} 
   oscillations},
   JOURNAL = {Biophys J},
   VOLUME = {67},
   NUMBER = {},
   PAGES = {447--456},
   MONTH = {},
   NOTE = {},
   YEAR = {1994} 
}


@article{WinslowEtal06,
author = {RL Winslow and A Tanskanen and M Chen and JL Greenstein}, 
journal = {Ann N Y Acad Sci},
title = {Multiscale modeling of calcium signaling in the cardiac dyad},
pages = {362--375},
volume = {1080},
year = {2006},
month = {Oct}
}


@article{ZahradnikovaZahradnik96,
author = {A Zahradnikova and I Zahradnik}, 
journal = {Biophys J},
title = {A minimal gating model for the cardiac calcium release channel},
issue = {6},
number = {6},
pages = {2996--3012},
volume = {71},
year = {1996},
month = {Dec}
}

@article{SachsEtal95,
author = {F Sachs and F Qin and P Palade}, 
journal = {Science},
title = {Models of {\Ca} release channel adaptation},
issue = {5206},
number = {5206},
pages = {2010--2011},
volume = {267},
year = {1995},
month = {Mar}
}

@article{SitsapesanWilliams94,
author = {R Sitsapesan and A J Williams}, 
journal = {Biophys J},
title = {Gating of the native and purified cardiac {SR} {\Ca}-release channel with monovalent cations as permeant species},
issue = {4},
number = {4},
pages = {1484--94},
volume = {67},
year = {1994},
month = {Oct}
}

@article{AshleyWilliams90,
author = {R H Ashley and A J Williams}, 
journal = {J Gen Physiol},
title = {Divalent cation activation and inhibition of single calcium release channels from sheep cardiac sarcoplasmic reticulum},
issue = {5},
number = {5},
pages = {981--1005},
volume = {95},
year = {1990},
month = {May}
}


@article{BrochetEtal05,
author = {DXP Brochet and D Yang and A Di~Maio and WJ Lederer and C Franzini-Armstrong and H Cheng}, 
journal = {Proc Natl Acad Sci USA},
title = {{\Ca} blinks: rapid nanoscopic store calcium signaling},
number = {8},
pages = {3099--3104},
volume = {102},
year = {2005},
month = {Feb}
}

@article{KnollmannEtal06,
author = {BC Knollmann and N Chopra and T Hlaing and B Akin and T Yang and K Ettensohn and BEC Knollmann and KD Horton and NJ Weissman and I Holinstat and W Zhang and DM Roden and LR Jones and C Franzini-Armstrong and K Pfeifer}, 
journal = {J Clin Invest},
title = {Casq2 deletion causes sarcoplasmic reticulum volume increase, premature {\Ca} release, and catecholaminergic polymorphic ventricular tachycardia},
number = {9},
pages = {2510--2520},
volume = {116},
year = {2006},
month = {Sep}
}

@article{ShannonEtal03,
author = {TR Shannon and T Guo and DM Bers}, 
journal = {Circ Res},
title = {{\Ca} scraps: local depletions of free [{\Ca}] in cardiac sarcoplasmic reticulum during contractions leave substantial {\Ca} reserve},
number = {1},
pages = {40--45},
volume = {93},
year = {2003},
month = {Jul}
}

@article{KeizerLevine96,
author = {J Keizer and L Levine}, 
journal = {Biophys J},
title = {Ryanodine receptor adaptation and {\Ca}(-)induced {\Ca} release-dependent {\Ca} oscillations},
volume = {71},
number = {6},
pages = {3477--3487},
year = {1996},
month = {Dec}
}

@article{HadleyLederer91,
author = {RW Hadley and WJ Lederer}, 
journal = {J Physiol},
title = {{\Ca} and voltage inactivate {\Ca} channels in guinea-pig ventricular myocytes through independent mechanisms},
volume = {444},
number = {},
pages = {257--268},
year = {1991},
month = {Dec}
}

@article{ShirokovEtal93,
author = {R Shirokov and R Levis and N Shirokova and E R{\'\i}os}, 
journal = {J Gen Physiol},
title = {{\Ca}-dependent inactivation of cardiac L-type {\Ca} channels does not affect their voltage sensor},
volume = {102},
number = {6},
pages = {1005--1030},
year = {1993},
month = {Dec}
}

@article{ImredyYue94,
author = {JP Imredy and DT Yue}, 
journal = {Neuron},
title = {Mechanism of {\Ca}-sensitive inactivation of L-type {\Ca} channels},
volume = {12},
number = {6},
pages = {1301--1318},
year = {1994},
month = {Jun}
}

@article{NguyenEtal07,
author = {MT Nguyen and SJ Dudycha and MS Jafri}, 
journal = {Am J Physiol Cell Physiol},
title = {The effects of {\Ca} on cardiac mitochondrial energy production is modulated by Na+ and H+ dynamics},
volume = {292},
number = {6},
pages = {C2004--2020 },
year = {2007}
}

@article{FisherEtal06,
author = {WG Fisher, P-C Yang, RK Medikonduri and MS Jafri}, 
journal = {Ann Biomed Eng},
title = {NFAT and NF$\kappa$B Activation in T Lymphocytes: {A} Model of Differential Activation of Gene Expression},
volume = {34},
number = {11},
pages = {1712--1728},
year = {2006}
}

@article{JafriKotulska06,
author = {MS Jafri and M Kotulska}, 
journal = {J Theor Biol},
title = {Modeling the Mechanism of Metabolic Oscillations in Ischemic Cardiac Myocytes},
volume = {242},
number = {4},
pages = {801--817},
year = {2006}
}

@article{SobieEtal06,
author = {EA Sobie and S Guatimosim and L Gomez-Viquez and L-S Song, H Hartmann and MS Jafri and WJ Lederer}, 
journal = {Prog Biophys Mol Biol},
title = {The {\Ca} leak paradox and ``rogue ryanodine receptors": {SR} {\Ca} efflux theory and practice},
volume = {90},
number = {1--3},
pages = {172--185},
year = {2006}
}	
	
@article{GyorkeEtal94,
author = {S Gy{\"o}rke and P V{\'e}lez and B Su{\'a}rez-Isla and M Fill}, 
journal = {Biophys J},
title = {Activation of single cardiac and skeletal ryanodine receptor channels by flash photolysis of caged {\Ca}},
issue = {6},
number = {6},
pages = {1879--86},
volume = {66},
year = {1994},
month = {Jun}
}

@article{GyorkeEtal98,
author = {I Gy{\"o}rke and S Gy{\"o}rke}, 
journal = {Biophys J},
title = {Regulation of the cardiac ryanodine receptor channel by luminal {\Ca} involves luminal {\Ca} sensing sites},
issue = {6},
number = {6},
pages = {2801--10},
volume = {75},
year = {1998},
month = {Dec}
}

@article{GyorkeEtal04,
author = {S Gy{\"o}rke and I Gy{\"o}rke and D Terentyev and S Viatchenko-Karpinski and SC Williams}, 
journal = {Biol Res},
title = {Modulation of sarcoplasmic reticulum calcium release by calsequestrin in cardiac myocytes},
issue = {4},
number = {4},
pages = {603--7},
volume = {37},
year = {2004},
month = {Jan}
}

@article{BelevychEtal07,
author = {A Belevych and Z Kubalov{\'a} and D Terentyev and RL Hamlin and CA Carnes and S Gy{\"o}rke}, 
journal = {Biophys J},
title = {Enhanced ryanodine receptor-mediated calcium leak determines reduced sarcoplasmic reticulum calcium content in chronic canine heart failure},
number = {11},
pages = {4083--92},
volume = {93},
year = {2007},
month = {Dec}
}

@article{HinchEtal06,
author = {R Hinch and J L Greenstein and R L Winslow}, 
journal = {Prog Biophys Mol Biol},
title = {Multi-scale models of local control of calcium induced calcium release},
number = {1-3},
pages = {136--50},
volume = {90},
year = {2006},
month = {Jan}
}

@article{GreensteinEtal02,
author = {JL Greenstein and RL Winslow}, 
journal = {Biophys J},
title = {An integrative model of the cardiac ventricular myocyte incorporating local control of {\Ca} release},
number = {6},
pages = {2918--45},
volume = {83},
year = {2002},
month = {Dec}
}

@article{CasaleEtal07,
author = {G Casale and E Zhang and E Smirni}, 
journal = {Proceedings {MAMA} workshop},
title = {Characterization of moments and autocorrelation in {MAPs}},
year = {2007}
}

@article{TelekHorvath07,
author = {M Telek and G Horvath}, 
journal = {Performance Evaluation},
title = {A minimal representation of {M}arkov arrival processes and moments matching method},
number = {},
pages = {1153-1168},
volume = {64},
year = {2007}
}

@ARTICLE{Bers93,
	AUTHOR = {DM Bers and VM Stiffel},
	TITLE = {Ratio of ryanodine to dihydropyridine receptors in cardiac and skeletal muscle and implications for {E}-{C} coupling},
	JOURNAL = {Am J Physiol},
	YEAR = {1993},
	VOLUME = {264},
	NUMBER = {6 Pt 1},
	PAGES = {C1587-93}	}

@ARTICLE{Bertram98,
	AUTHOR = {R Bertram and A Sherman},
	TITLE = {Population dynamics of synaptic release sites},
	JOURNAL = {SIAM J Appl Math},
	YEAR = {1998},
	VOLUME = {58},
	NUMBER = {1},
	PAGES = {142-69}	}

@ARTICLE{Bondarenko04,
	AUTHOR = {VE Bondarenko and GC Bett and RL Rasmusson},
	TITLE = {A model of graded calcium release and {L}-type {\Ca}\ channel inactivation in cardiac muscle},
	JOURNAL = {Am J Physiol Heart Circ Physiol},
	YEAR = {2004},
	VOLUME = {286},
	NUMBER = {3},
	PAGES = {H1154-69}	}

@ARTICLE{Brochet05,
	AUTHOR = {DX Brochet and D Yang and A Di Maio and WJ Lederer and C Franzini-Armstrong and H Cheng},
	TITLE = {{\Ca}\ blinks: rapid nanoscopic store calcium signaling},
	JOURNAL = {Proc Natl Acad Sci U S A},
	YEAR = {2005},
	VOLUME = {102},
	NUMBER = {8},
	PAGES = {3099-104}	}

@ARTICLE{Cannell95,
	AUTHOR = {MB Cannell and H Cheng and WJ Lederer},
	TITLE = {The control of calcium release in heart muscle},
	JOURNAL = {Science},
	YEAR = {1995},
	VOLUME = {268},
	NUMBER = {5213},
	PAGES = {1045-9}	}

@ARTICLE{Chen-Izu06,
	AUTHOR = {Y Chen-Izu and SL McCulle and CW Ward and C Soeller and BM Allen and C Rabang and MB Cannell and CW Balke and LT Izu},
	TITLE = {Three-dimensional distribution of ryanodine receptor clusters in cardiac myocytes},
	JOURNAL = {Biophys J},
	YEAR = {2006},
	VOLUME = {91},
	NUMBER = {1},
	PAGES = {1-13}	}

@ARTICLE{Cheng93,
	AUTHOR = {H Cheng and WJ Lederer and MB Cannell},
	TITLE = {Calcium sparks: elementary events underlying excitation-contraction coupling in heart muscle},
	JOURNAL = {Science},
	YEAR = {1993},
	VOLUME = {262},
	NUMBER = {5134},
	PAGES = {740-4}	}

@ARTICLE{Cleemann98,
	AUTHOR = {L Cleemann and W Wang and M Morad},
	TITLE = {Two-dimensional confocal images of organization, density, and gating of focal {\Ca}\ release sites in rat cardiac myocytes},
	JOURNAL = {Proc Natl Acad Sci U S A},
	YEAR = {1998},
	VOLUME = {95},
	NUMBER = {18},
	PAGES = {10984-9}	}

@ARTICLE{DiFrancesco85,
	AUTHOR = {D DiFrancesco and D Noble},
	TITLE = {A model of cardiac electrical activity incorporating ionic pumps and concentration changes},
	JOURNAL = {Philos Trans R Soc Lond B Biol Sci},
	YEAR = {1985},
	VOLUME = {307},
	NUMBER = {1133},
	PAGES = {353-98}	}

@ARTICLE{Franzini-Armstrong99,
	AUTHOR = {C Franzini-Armstrong},
	TITLE = {The sarcoplasmic reticulum and the control of muscle contraction},
	JOURNAL = {FASEB J},
	YEAR = {1999},
	VOLUME = {13 Suppl 2},
	PAGES = {S266-70}	}

@ARTICLE{Glukhovsky98,
	AUTHOR = {A Glukhovsky and DR Adam and G Amitzur and S Sideman},
	TITLE = {Mechanism of {\Ca}\ release from the sarcoplasmic reticulum: a computer model},
	JOURNAL = {Ann Biomed Eng},
	YEAR = {1998},
	VOLUME = {26},
	NUMBER = {2},
	PAGES = {213-29}	}

@ARTICLE{GreensteinEtal06,
	AUTHOR = {JL Greenstein and R Hinch and RL Winslow},
	TITLE = {Mechanisms of excitation-contraction coupling in an integrative model of the cardiac ventricular myocyte},
	JOURNAL = {Biophys J},
	YEAR = {2006},
	VOLUME = {90},
	NUMBER = {1},
	PAGES = {77-91}	}

@ARTICLE{Hilgemann87,
	AUTHOR = {DW Hilgemann and D Noble},
	TITLE = {Excitation-contraction coupling and extracellular calcium transients in rabbit atrium: reconstruction of basic cellular mechanisms},
	JOURNAL = {Proc R Soc Lond B Biol Sci},
	YEAR = {1987},
	VOLUME = {230},
	NUMBER = {1259},
	PAGES = {163-205}	}


@BOOK{Hundsdorfer03,
	AUTHOR = {WH Hundsdorfer and JG Verwer},
	TITLE = {Numerical solution of time-dependent advection-diffusion-reaction equations},
	PUBLISHER = {Springer},
	YEAR = {2003}	}

@ARTICLE{Jafri95,
	AUTHOR = {MS Jafri},
	TITLE = {A theoretical study of cytosolic calcium waves in Xenopus oocytes},
	JOURNAL = {J Theor Biol},
	YEAR = {1995},
	VOLUME = {172},
	NUMBER = {3},
	PAGES = {209-16}	}

@ARTICLE{Jafri92,
	AUTHOR = {MS Jafri and S Vajda and P Pasik and B Gillo},
	TITLE = {A membrane model for cytosolic calcium oscillations. A study using Xenopus oocytes},
	JOURNAL = {Biophys J},
	YEAR = {1992},
	VOLUME = {63},
	NUMBER = {1},
	PAGES = {235-46}	}


@ARTICLE{JafriKeizer97,
	AUTHOR = {MS Jafri and J Keizer},
	TITLE = {Agonist-induced calcium waves in oscillatory cells: a biological example of Burgers' equation},
	JOURNAL = {Bull Math Biol},
	YEAR = {1997},
	VOLUME = {59},
	NUMBER = {6},
	PAGES = {1125-44}	}

@ARTICLE{JafriGillo94,
	AUTHOR = {MS Jafri and B Gillo},
	TITLE = {A membrane potential model with counterions for cytosolic calcium oscillations},
	JOURNAL = {Cell Calcium},
	YEAR = {1994},
	VOLUME = {16},
	NUMBER = {1},
	PAGES = {9-19}	}

@ARTICLE{KohEtal06,
	AUTHOR = {X Koh and B Srinivasan and HS Ching and A Levchenko},
	TITLE = {A {3D} Monte Carlo analysis of the role of dyadic space geometry in spark generation},
	JOURNAL = {Biophys J},
	YEAR = {2006},
	VOLUME = {90},
	NUMBER = {6},
	PAGES = {1999-2014}	}

@ARTICLE{LuoRudy94b,
	AUTHOR = {CH Luo and Y Rudy},
	TITLE = {A dynamic model of the cardiac ventricular action potential. {I.} {S}imulations of ionic currents and concentration changes},
	JOURNAL = {Circ Res},
	YEAR = {1994},
	VOLUME = {74},
	NUMBER = {6},
	PAGES = {1071-96}	}

@ARTICLE{LuoRudy94a,
	AUTHOR = {CH Luo and Y Rudy},
	TITLE = {A dynamic model of the cardiac ventricular action potential. {II.} {A}fterdepolarizations, triggered activity, and potentiation},
	JOURNAL = {Circ Res},
	YEAR = {1994},
	VOLUME = {74},
	NUMBER = {6},
	PAGES = {1097-113}	}

@ARTICLE{Nordin93,
	AUTHOR = {C Nordin},
	TITLE = {Computer model of membrane current and intracellular {\Ca}\ flux in the isolated guinea pig ventricular myocyte},
	JOURNAL = {Am J Physiol},
	YEAR = {1993},
	VOLUME = {265},
	NUMBER = {6 Pt 2},
	PAGES = {H2117-36}	}

@ARTICLE{RiceEtal00,
	AUTHOR = {JJ Rice and MS Jafri and RL Winslow},
	TITLE = {Modeling short-term interval-force relations in cardiac muscle},
	JOURNAL = {Am J Physiol Heart Circ Physiol},
	YEAR = {2000},
	VOLUME = {278},
	NUMBER = {3},
	PAGES = {H913-31}	}

@ARTICLE{RiceEtal99,
	AUTHOR = {JJ Rice and MS Jafri and RL Winslow},
	TITLE = {Modeling gain and gradedness of {\Ca}\ release in the functional unit of the cardiac diadic space},
	JOURNAL = {Biophys J},
	YEAR = {1999},
	VOLUME = {77},
	NUMBER = {4},
	PAGES = {1871-84}	}

@ARTICLE{ShannonEtal00a,
	AUTHOR = {TR Shannon and KS Ginsburg and DM Bers},
	TITLE = {Reverse mode of the sarcoplasmic reticulum calcium pump and load-dependent cytosolic calcium decline in voltage-clamped cardiac ventricular myocytes},
	JOURNAL = {Biophys J},
	YEAR = {2000},
	VOLUME = {78},
	NUMBER = {1},
	PAGES = {322-33}	}

@ARTICLE{SnyderEtal00,
	AUTHOR = {SM Snyder and BM Palmer and RL Moore},
	TITLE = {A mathematical model of cardiocyte {\Ca}\ dynamics with a novel representation of sarcoplasmic reticular {\Ca}\ control},
	JOURNAL = {Biophys J},
	YEAR = {2000},
	VOLUME = {79},
	NUMBER = {1},
	PAGES = {94-115}	}

@ARTICLE{SobieEtal02,
	AUTHOR = {EA Sobie and KW Dilly and J dos Santos Cruz and WJ Lederer and MS Jafri},
	TITLE = {Termination of cardiac {\Ca}\ sparks: an investigative mathematical model of calcium-induced calcium release},
	JOURNAL = {Biophys J},
	YEAR = {2002},
	VOLUME = {83},
	NUMBER = {1},
	PAGES = {59-78}	}

@ARTICLE{Stern92b,
	AUTHOR = {MD Stern},
	TITLE = {Theory of excitation-contraction coupling in cardiac muscle},
	JOURNAL = {Biophys J},
	YEAR = {1992},
	VOLUME = {63},
	NUMBER = {2},
	PAGES = {497-517}	}

@ARTICLE{TangOthmer94,
	AUTHOR = {Y Tang and HG Othmer},
	TITLE = {A model of calcium dynamics in cardiac myocytes based on the kinetics of ryanodine-sensitive calcium channels},
	JOURNAL = {Biophys J},
	YEAR = {1994},
	VOLUME = {67},
	NUMBER = {6},
	PAGES = {2223-35}	}

@ARTICLE{TerentyevEtal02,
	AUTHOR = {D Terentyev and S Viatchenko-Karpinski and HH Valdivia and AL Escobar and S Gy{\"o}rke},
	TITLE = {Luminal {\Ca}\ controls termination and refractory behavior of {\Ca}-induced {\Ca}\ release in cardiac myocytes},
	JOURNAL = {Circ Res},
	YEAR = {2002},
	VOLUME = {91},
	NUMBER = {5},
	PAGES = {414-20}	}

@ARTICLE{WierEtal94,
	AUTHOR = {WG Wier and TM Egan and JR L{\'o}pez-L{\'o}pez and CW Balke},
	TITLE = {Local control of excitation-contraction coupling in rat heart cells},
	JOURNAL = {J Physiol},
	YEAR = {1994},
	VOLUME = {474},
	NUMBER = {3},
	PAGES = {463-71}	}


@ARTICLE{WongEtal92,
	AUTHOR = {AY Wong and A Fabiato and JB Bassingwaigthe},
	TITLE = {Model of calcium-induced calcium release in cardiac cells},
	JOURNAL = {Bull Math Biol},
	YEAR = {1992},
	VOLUME = {54},
	PAGES = {95-116}	}


@article{RiosStern97,
author = {E R{\'\i}os and M D Stern}, 
journal = {Annual review of biophysics and biomolecular structure},
title = {{Calcium in close quarters: microdomain feedback in excitation-contraction coupling and other cell biological phenomena}},
pages = {47--82},
volume = {26},
year = {1997},
month = {Jan}}


@article{MoraruEtal99,
author = {I I Moraru and E J Kaftan and B E Ehrlich and J Watras}, 
journal = {J Gen Physiol},
title = {{Regulation of type 1 inositol 1,4,5-trisphosphate-gated calcium channels by InsP$_3$ and calcium: Simulation of single channel kinetics based on ligand binding and electrophysiological analysis}},
number = {6},
pages = {837--49},
volume = {113},
year = {1999},
month = {Jun}
}

@article{SneydEtal04,
author = {J Sneyd and M Falcke and J-F Dufour and C Fox}, 
journal = {Prog Biophys Mol Biol},
title = {{A comparison of three models of the inositol trisphosphate receptor}},
number = {2-3},
pages = {121--40},
volume = {85},
year = {2004},
month = {May}
}

@article{GyorkeFill93,
author = {S Gy{\"o}rke and M Fill}, 
journal = {Science},
title = {{Ryanodine receptor adaptation: control mechanism of \Ca-induced \Ca\ release in heart}},
number = {5109},
pages = {807--9},
volume = {260},
year = {1993},
month = {May}
}

@article{NiggliShirokova07,
author = {Ernst Niggli and Natalia Shirokova}, 
journal = {Cell Calcium},
title = {{A guide to sparkology: the taxonomy of elementary cellular \Ca\ signaling events}},
number = {4-5},
pages = {379--87},
volume = {42},
year = {2007},
month = {Jan}
}

@article{BallGeoffrey00,
author = {Frank Ball and Yeo Geoffrey}, 
journal = {Methodology of Computing in Applied Probability},
title = {{Superposition of Spatially Interacting Aggregated Continuous Time Markov Chains}},
number = {1},
pages = {93--116},
volume = {2},
year = {2000},
month = {Apr}
}

@article{MeinholdSchimansky-Geier02,
author = {Lars Meinhold and Lutz Schimansky-Geier}, 
journal = {Physical review E, Statistical, nonlinear, and soft matter physics},
title = {{Analytic description of stochastic calcium-signaling periodicity}},
number = {5 Pt 1},
pages = {050901},
volume = {66},
year = {2002},
month = {Nov}
}

@article{HagarEtal98,
author = {R E Hagar and A D Burgstahler and M H Nathanson and B E Ehrlich}, 
journal = {Nature},
title = {{Type III InsP$_3$ receptor channel stays open in the presence of increased calcium}},
number = {6706},
pages = {81--4},
volume = {396},
year = {1998},
month = {Nov}
}

@article{Fabiato85,
author = {A Fabiato}, 
journal = {J Gen Physiol},
title = {{Time and calcium dependence of activation and inactivation of calcium-induced release of calcium from the sarcoplasmic reticulum of a skinned canine cardiac Purkinje cell}},
number = {2},
pages = {247--89},
volume = {85},
year = {1985},
month = {Feb}
}

@article{SchieferEtal95,
author = {A Schiefer and G Meissner and G Isenberg}, 
journal = {J Physiol (Lond)},
title = {{\Ca\ activation and \Ca\ inactivation of canine reconstituted cardiac sarcoplasmic reticulum \Ca-release channels}},
pages = {337--48},
volume = {489 ( Pt 2)},
year = {1995},
month = {Dec}
}

@article{CannellEtal95,
author = {Mark B Cannell and H Cheng and W J Lederer}, 
journal = {Science},
title = {{The control of calcium release in heart muscle}},
number = {5213},
pages = {1045--9},
volume = {268},
year = {1995},
month = {May}
}

@article{AtriEtal93,
author = {A Atri and J Amundson and D Clapham and J Sneyd}, 
journal = {Biophys J},
title = {{A single-pool model for intracellular calcium oscillations and waves in the Xenopus laevis oocyte}},
number = {4},
pages = {1727--39},
volume = {65},
year = {1993},
month = {Oct}
}


@article{Fill02,
author = {Michael Fill}, 
journal = {Front Biosci},
title = {{Mechanisms that turn-off intracellular calcium release channels}},
pages = {d46--54},
volume = {8},
year = {2002},
month = {Nov}
}

@article{Berridge06,
author = {Michael J Berridge}, 
journal = {Cell Calcium},
title = {{Calcium microdomains: organization and function}},
number = {5-6},
pages = {405--12},
volume = {40},
year = {2006},
month = {Oct}
}

@article{BallEtal00,
author = {F G Ball and R K Milne and G F Yeo}, 
journal = {IMA journal of mathematics applied in medicine and biology},
title = {{Stochastic models for systems of interacting ion channels}},
number = {3},
pages = {263--93},
volume = {17},
year = {2000},
month = {Sep}
}

@article{SneydEtal95,
author = {J Sneyd and J Keizer and M J Sanderson}, 
journal = {FASEB J},
title = {{Mechanisms of calcium oscillations and waves: a quantitative analysis}},
number = {14},
pages = {1463--72},
volume = {9},
year = {1995},
month = {Nov}
}

@article{ParkerEtal96c,
author = {I Parker and Y Yao and V Ilyin}, 
journal = {Biophys J},
title = {{Fast kinetics of calcium liberation induced in Xenopus oocytes by photoreleased inositol trisphosphate}},
number = {1},
pages = {222--37},
volume = {70},
year = {1996},
month = {Jan}
}

@article{MakFoskett97,
author = {D O Mak and J K Foskett}, 
journal = {J Gen Physiol},
title = {{Single-channel kinetics, inactivation, and spatial distribution of inositol trisphosphate (IP$_3$) receptors in Xenopus oocyte nucleus}},
number = {5},
pages = {571--87},
volume = {109},
year = {1997},
month = {May}
}

@article{WangEtal02,
author = {Shi-Qiang Wang and Long-Sheng Song and Le Xu and Gerhard Meissner and Edward G Lakatta and Eduardo R{\'\i}os and Michael D Stern and Heping Cheng}, 
journal = {Biophys J},
title = {{Thermodynamically irreversible gating of ryanodine receptors in situ revealed by stereotyped duration of release in \Ca\ sparks}},
number = {1},
pages = {242--51},
volume = {83},
year = {2002},
month = {Jun}
}


@article{FranziniArmstrongEtal99,
author = {C Franzini-Armstrong and F Protasi and V Ramesh}, 
journal = {Biophys J},
title = {{Shape, size, and distribution of \Ca\ release units and couplons in skeletal and cardiac muscles}},
number = {3},
pages = {1528--39},
volume = {77},
year = {1999},
month = {Sep}
}

@article{Berridge93b,
author = {M J Berridge}, 
journal = {Nature},
title = {{Cell signalling. A tale of two messengers.}},
number = {6445},
pages = {388--9},
volume = {365},
year = {1993},
month = {Sep}}

@article{PizarroEtal97,
author = {G Pizarro and N Shirokova and A Tsugorka and E R{\'\i}os}, 
journal = {J Physiol (Lond)},
title = {{'Quantal' calcium release operated by membrane voltage in frog skeletal muscle}},
pages = {289--303},
volume = {501 ( Pt 2)},
year = {1997},
month = {Jun}
}

@article{ParkerIvorra90,
author = {I Parker and I Ivorra}, 
journal = {Proc Natl Acad Sci USA},
title = {{Inhibition by \Ca\ of inositol trisphosphate-mediated \Ca\ liberation: a possible mechanism for oscillatory release of {\Ca}}},
number = {1},
pages = {260--4},
volume = {87},
year = {1990},
month = {Jan}
}

@article{ChengEtal93,
author = {H Cheng and W J Lederer and Mark B Cannell}, 
journal = {Science},
title = {{Calcium sparks: elementary events underlying excitation-contraction coupling in heart muscle}},
number = {5134},
pages = {740--4},
volume = {262},
year = {1993},
month = {Oct}
}

@article{SoellerCannell02,
author = {Christian Soeller and Mark B Cannell}, 
journal = {Biophys J},
title = {{Estimation of the sarcoplasmic reticulum \Ca\ release flux underlying \Ca\ sparks}},
number = {5},
pages = {2396--414},
volume = {82},
year = {2002},
month = {May}
}

@article{LukyanenkoEtal98,
author = {V Lukyanenko and T F Wiesner and S Gy{\"o}rke}, 
journal = {J Physiol (Lond)},
title = {{Termination of \Ca\ release during \Ca\ sparks in rat ventricular myocytes}},
pages = {667--77},
volume = {507 (Pt 3)},
year = {1998},
month = {May}
}

@article{Bers02,
author = {Donald M Bers}, 
journal = {Nature},
title = {{Cardiac excitation-contraction coupling}},
number = {6868},
pages = {198--205},
volume = {415},
year = {2002},
month = {Jan}
}

@article{Gyorke99,
author = {S Gy{\"o}rke}, 
journal = {J Gen Physiol},
title = {{\Ca\ spark termination: inactivation and adaptation may be manifestations of the same mechanism}},
number = {1},
pages = {163--6},
volume = {114},
year = {1999},
month = {Aug}
}


@article{VelezEtal97,
author = {P V{\'e}lez and S Gy{\"o}rke and A L Escobar and J Vergara and M Fill}, 
journal = {Biophys J},
title = {{Adaptation of single cardiac ryanodine receptor channels}},
number = {2 Pt 1},
pages = {691--7},
volume = {72},
year = {1997},
month = {Feb}
}

@article{SternCheng04,
author = {Michael D Stern and Heping Cheng}, 
journal = {Cell Calcium},
title = {{Putting out the fire: what terminates calcium-induced calcium release in cardiac muscle?}},
number = {6},
pages = {591--601},
volume = {35},
year = {2004},
month = {Apr}
}

@article{Gillespie76,
author = {Daniel T Gillespie}, 
journal = {Journal of Computational Physics},
title = {{A general method for numerically simulating the stochastic time evolution of coupled chemical reactions}},
pages = {403--34},
volume = {22},
year = {1976},
month = {Dec}
}

@article{WangEtal04,
author = {Shi-Qiang Wang and Michael D Stern and Eduardo R{\'\i}os and Heping Cheng}, 
journal = {Proc Natl Acad Sci USA},
title = {{The quantal nature of \Ca\ sparks and in situ operation of the ryanodine receptor array in cardiac cells}},
number = {11},
pages = {3979--84},
volume = {101},
year = {2004},
month = {Mar},
language = {English}
}

@article{IonescuEtal06,
author = {Lucian Ionescu and King-Ho Cheung and Horia Vais and Don-On Daniel Mak and Carl White and J Kevin Foskett}, 
journal = {J Physiol (Lond)},
title = {{Graded recruitment and inactivation of single InsP$_3$ receptor {\Ca}-release channels: implications for quantal {\Ca} release}},
number = {Pt 3},
pages = {645--62},
volume = {573},
year = {2006},
month = {Apr}
}

@article{TangStephenson96,
author = {Y Tang and J L Stephenson}, 
journal = {J Gen Physiol},
title = {{Calcium dynamics and homeostasis in a mathematical model of the principal cell of the cortical collecting tubule}},
number = {2},
pages = {207--30},
volume = {107},
year = {1996},
month = {Feb}
}

@article{DiambraGuisoni05,
author = {L Diambra and N Guisoni}, 
journal = {Cell Calcium},
title = {{Modeling stochastic \Ca\ release from a cluster of IP$_3$-sensitive receptors}},
number = {4},
pages = {321--32},
volume = {37},
year = {2005},
month = {Mar}
}

@article{Berridge:1997aa,
author = {MJ Berridge}, 
journal = {J Physiol (Lond)},
title = {{Elementary and global aspects of calcium signalling}},
pages = {291--306},
volume = {499 ( Pt 2)},
year = {1997},
month = {Mar}
}


@article{McCausland:2004aa,
author = {W McCausland}, 
journal = {Cahiers de recherche du d\'epartement de sciences \'economiques, Universit\'e de Montr\'eal},
title = {Time Reversibility of Stationary Regular Finite State Markov Chains},
number = {},
pages = {},
volume = {2004-06},
year = {2004}
}


	
	


