%
% smith.bib
% before reveral of author first and last names 
% {\Ca} needs to be in {}'s like this  
%
% CONFERENCE is the same as INPROCEEDINGS


@CONFERENCE{AbstractHuertasEtal09,
   AUTHOR = {MA Huertas and GD Smith and S Gy{\"o}rke},      
   TITLE = {Analysis of calcium alternans in a cardiac myocyte model that uses moment equations to represent heterogenous junctional SR calcium},
   PAGES = {},
   BOOKTITLE = {Biophysical Society Annual Meeting Abstracts},
   EDITOR = {}, 
   PUBLISHER = {}, 
   EDITION = {}, 
   YEAR = {2009},
   ADDRESS = {Boston, MA},
   NOTE = {},
}

@article{LamprechtEtal08,
author = {R Lamprecht  and P Kemper and GD Smith},
title = {Stochastic {P}etri net models of calcium signaling complexes and their analysis},
journal = {Natural Computing},
year = {2008},
pages = {},
volume = {},
note = {Accepted.}
}

@INPROCEEDINGS{HuertasSmith08,
   TITLE = {Population density methods for networks with low-threshold {\Ca} currents.},
   AUTHOR = {MA Huertas and GD Smith},      
   PAGES = {},
   BOOKTITLE = {Stochastic Methods in Neuroscience},
   EDITOR = {C Laing and L Gabriel}, 
   PUBLISHER = {Oxford University Press}, 
   EDITION = {}, 
   YEAR = {2008},
   ADDRESS = {},
   NOTE = {In press}
}

@INPROCEEDINGS{GroffEtal08,
   TITLE = {Markov chain models of ion channels and the collective gating of  {\Ca} release sites.},
   AUTHOR = {JR Groff and H DeRemigio and GD Smith},      
   PAGES = {},
   BOOKTITLE = {Stochastic Methods in Neuroscience},
   EDITOR = {C Laing and L Gabriel}, 
   PUBLISHER = {Oxford University Press}, 
   EDITION = {}, 
   YEAR = {2008},
   ADDRESS = {},
   NOTE = {In press}
}

@article{DeRemigioEtal08c,
author = {H DeRemigio and GD Smith}, 
journal = {Math.\ Med.\ and Biol.},
title = {{Calcium release site ultrastructure and the dynamics of puffs and sparks}},
volume = {25},
number = {1},
pages = {65--85},
year = {2008},
month = {},
}

@article{DeRemigioEtal08b,
author = {H DeRemigio and P Kemper and MD LaMar and GD Smith},
title = {{Markov chain models of coupled intracellular calcium channels: {K}ronecker structured representations and benchmark stationary distribution calculations}},
journal = {Physical Biology},
year = {2008},
pages = {36003},
volume = {5},
number = {3}
}

@article{DeRemigioEtal08a,
author = {H DeRemigio and P Kemper and MD LaMar and GD Smith},
title = {{Markov chain models of coupled intracellular calcium channels: {K}ronecker structured representations and benchmark stationary distribution calculations}},
journal = {2008 Proceedings of the Pacific Symposium on Biocomputing},
year = {2008},
pages = {354--365},
volume = {},
}

@article{WilliamsEtal08b,
author = {GSB Williams and  EJ Molinelli and GD Smith}, 
journal = {J.\ Theor.\ Biol.},
title = {Modeling local and global intracellular calcium responses mediated by diffusely distributed inositol 1,4,5-trisphosphate receptors},
abstract = {},
volume = {253},
number = {1},
pages = {170--188},
year = {2008}
}

@article{GroffSmith08b,
author = {JR Groff and GD Smith}, 
journal = {J.\ Theor.\ Biol.},
title = {{Calcium-dependent inactivation and the dynamics of calcium puffs and sparks}},
volume = {253},
number = {3},
pages = {483--99},
year = {2008}
}

@article{GroffSmith08a,
author = {JR Groff and GD Smith}, 
journal = {Biophys.\ J.},
title = {{Ryanodine receptor allosteric coupling and the dynamics of calcium sparks}},
volume = {95},
number = {1},
pages = {135--154},
year = {2008}
}

@ARTICLE{WilliamsEtal08a,
   AUTHOR = {GSB Williams and MA Huertas and EA Sobie and MS Jafri and GD Smith},         
   TITLE = {Moment closure for local control models of {\Ca}-induced {\Ca} release in cardiac myocytes.},
   JOURNAL = {Biophys.\ J.},
   YEAR = {2008},
   VOLUME = {95},
   NUMBER = {4},
   PAGES = {1689--1703}
}

@ARTICLE{WilliamsEtal07a,
   AUTHOR = {GSB Williams and MA Huertas and EA Sobie and MS Jafri and GD Smith},         
   TITLE = {A probability density approach to modeling local control of {\Ca}-induced {\Ca} release in cardiac myocytes.},
   JOURNAL = {Biophys.\ J.},
   YEAR = {2007},
   VOLUME = {92},
   NUMBER = {7},
   PAGES = {2311--2328}
}

@ARTICLE{ThulEtal07,
   AUTHOR = {R Thul and GD Smith and S Coombes},         
   TITLE = {A bidomain fire-diffuse-fire model of propagating calcium waves.},
   JOURNAL = {J.\ Math.\ Bio.},
   YEAR = {2007},
   VOLUME = {56},
   NUMBER = {4},
   PAGES = {435--463}
}

@ARTICLE{HuertasSmith07,
   AUTHOR = {MA Huertas and GD Smith},         
   TITLE = {The dynamics of luminal depletion and the  stochastic gating of {\Ca}-activated {\Ca} channels and release sites.},
   JOURNAL = {J.\ Theor.\ Biol.},
   YEAR = {2007},
   VOLUME = {246},
   NUMBER = {2},
   PAGES = {332--354}
}

@CONFERENCE{AbstractHuertasSmith07,
   AUTHOR = {MA Huertas and GSB Williams and GD Smith},      
   TITLE = {Moment closure approximations for a new class of whole cell models of {\Ca} handling representing heterogeneous domain {\Ca} concentrations},
   PAGES = {},
   BOOKTITLE = {Biophysical Society Annual Meeting Abstracts, 1210-Pos},
   EDITOR = {}, 
   PUBLISHER = {}, 
   EDITION = {}, 
   YEAR = {2007},
   ADDRESS = {Baltimore, MD},
   NOTE = {},
}

@ARTICLE{DeRemigioEtal07TechnicalReport,
   AUTHOR = {H DeRemigio and P Kemper and MD LaMar and GD Smith},         
   TITLE = {Markov chain models of coupled intracellular calcium channels:  {K}ronecker structured representations and benchmark stationary distribution calculations},
   JOURNAL = {Technical Report},
   YEAR = {2007},
   VOLUME = {WM-CS-2007-06},
   NUMBER = {},
   COMMENT = {College of William and Mary, Department of Computer Science},
   PAGES = {}
}


@CONFERENCE{AbstractDeRemigioSmith07,
   AUTHOR = {H DeRemigio and GD Smith},      
   TITLE = {The spatial organization of {\Ca} release sites and the dynamics of puffs and sparks. },
   PAGES = {},
   BOOKTITLE = {Biophysical Society Annual Meeting Abstracts, 1211-Pos},
   EDITOR = {}, 
   PUBLISHER = {}, 
   EDITION = {}, 
   YEAR = {2007},
   ADDRESS = {Baltimore, MD}
}

@CONFERENCE{AbstractGroffSmith07,
   AUTHOR = {JR Groff and GD Smith},      
   TITLE = {A computational investigation of the effects of allosteric coupling between ryanodine receptors on the dynamics of {\Ca} sparks.},
   PAGES = {},
   BOOKTITLE = {Biophysical Society Annual Meeting Abstracts, 1219-Pos},
   EDITOR = {}, 
   PUBLISHER = {}, 
   EDITION = {}, 
   YEAR = {2007},
   ADDRESS = {Baltimore, MD}
}

@CONFERENCE{AbstractWilliamsSmith06,
   AUTHOR = {GSB Williams and GD Smith},      
   TITLE = {A probability density approach to modeling local and global {\Ca} dynamics in cells with diffusely distributed intracellular {\Ca} channels},
   PAGES = {},
   BOOKTITLE = {Biophysical Society Annual Meeting Abstracts, 1077-Pos},
   EDITOR = {}, 
   PUBLISHER = {}, 
   EDITION = {}, 
   YEAR = {2006},
   ADDRESS = {Salt Lake City, UT}
}

@CONFERENCE{AbstractWilliamsEtal06,
   AUTHOR = {GSB Williams and Huertas MAand GD Smith},      
   TITLE = {Probability density approaches to modeling local and global intracellular {\Ca} dynamics},
   PAGES = {},
   BOOKTITLE = {Joint SIAM-SMB Conference on the Life Sciences},
   EDITOR = {}, 
   PUBLISHER = {}, 
   EDITION = {}, 
   YEAR = {2006},
   ADDRESS = {Raleigh, NC}
}

@CONFERENCE{AbstractHuertasSmith06,
	AUTHOR = {MA Huertas and GD Smith},
	TITLE = {The effect of luminal depletion on the dynamics of {\Ca}-regulated {\Ca} channels},
	BOOKTITLE = {Biophysical Society Annual Meeting Abstracts, 1078-Pos},
	YEAR = {2006},
	ADDRESS = {Salt Lake City, UT}	
}

@article{MeansEtal06,
author = {S Means and AJ Smith and J Shepard and J Shadid and J Fowler and R Wojcikiewicz and T Mazel and GD Smith and BS Wilson}, 
journal = {Biophys.\ J.},
title = {Reaction diffusion modeling of calcium dynamics with realistic {ER} geometry.},
volume = {91},
number = {2},
pages = {537--57},
year = {2006}
}

@ARTICLE{HuertasSmith06,
   AUTHOR = {MA Huertas and GD Smith},         
   TITLE = {A multivariate population density model of the {dLGN/PGN} relay},
   JOURNAL = { J.\ Comput.\ Neurosci.},
   YEAR = {2006},
   VOLUME = {21},
   NUMBER = {2},
   PAGES = {171--189}
}

@ARTICLE{HuertasEtal05a,
   AUTHOR = {MA Huertas and JR Groff and GD Smith},         
   TITLE = {Feedback inhibition and throughput properties of an integrate-and-fire-or-burst network model of retinogeniculate transmission.},
   JOURNAL = {J Comput Neurosci},
   YEAR = {2005},
   VOLUME = {19},
   NUMBER = {2},
   COMMENT = {},
   PAGES = {147--180}
}

@ARTICLE{HuertasEtal05b,
   AUTHOR = {MA Huertas and JR Groff and GD Smith},         
   TITLE = {The effect of feedback inhibition on throughput properties of the {dLGN/PGN}.},
   JOURNAL = {Neurocomputing},
   YEAR = {2005},
   VOLUME = {65-66},
   NUMBER = {},
   COMMENT = {Computational Neuroscience proceedings, special supplement},
   PAGES = {499--505}
}

@ARTICLE{HuertasSmith05,
   AUTHOR = {MA Huertas and GD Smith},         
   TITLE = {A two-dimensional population density approach to modeling the {dLGN/PGN} network},
   JOURNAL = {Neurocomputing},
   YEAR = {2005},
   VOLUME = {69},
   NUMBER = {},
   COMMENT = {},
   PAGES = {1286--1290}
}

@BOOK{ThesisNguyen05,
   AUTHOR = {V Nguyen},               
   TITLE = {The dynamics of {\Ca} puffs: a study of instantaneously coupled intracellular 
   {\Ca} channels}, 
   YEAR = {2005},
   PUBLISHER = {The College of William and Mary},
   ADDRESS = {Williamsburg, VA}
}

@BOOK{ThesisTignanelli05,
   AUTHOR = {C Tignanelli},               
   TITLE = {The effect of residual {\Ca} on the stochastic gating of {\Ca}-regulated {\Ca} channels}, 
   YEAR = {2005},
   PUBLISHER = {The College of William and Mary},
   ADDRESS = {Williamsburg, VA}
}


@Article{DeRemigioSmith05,
   AUTHOR = {H DeRemigio and GD Smith},      
   TITLE = {The dynamics of stochastic attrition viewed as an absorption time on a terminating {M}arkov chain},
   JOURNAL = {Cell Calcium},
   YEAR = {2005},
   VOLUME = {38},
   NUMBER = {2},
   PAGES = {73--86}
}

@ARTICLE{MazzagEtal05,
   AUTHOR = {B Mazzag and C Tignanelli and GD Smith},      
   TITLE = {The effect of residual {\Ca} on the stochastic gating of {\Ca}-regulated {\Ca} channels.},
   JOURNAL = {J.\ Theor.\ Biol.},
   YEAR = {2005},
   VOLUME = {235}, 
   NUMBER = {1}, 
   PAGES = {121--150}
}

@CONFERENCE{AbstractSmithEtal03,
   AUTHOR = {GD Smith and MA Huertas and JR Groff},      
   TITLE = {The effect of feedback inhibition in network simulations of retinogeniculate 
transmission},
   PAGES = {},
   BOOKTITLE = {Annual Meeting of the Society for Neuroscience, Program No.~68.12},
   EDITOR = {}, 
   PUBLISHER = {}, 
   EDITION = {}, 
   YEAR = {2003}
}

@CONFERENCE{AbstractHuertasEtal04,
   AUTHOR = {MA Huertas and JR Groff and GD Smith},      
   TITLE = {The effect of feedback inhibition on throughput properties of the dorsal
lateral geniculate nucleus},
   PAGES = {},
   BOOKTITLE = {Proceedings of the 2004 Computational Neuroscience Annual Meeting, {S}pecial supplement to {N}eurocomputing},
   EDITOR = {}, 
   PUBLISHER = {}, 
   EDITION = {}, 
   YEAR = {2004}
}

@CONFERENCE{AbstractMazzagEtal04,
   AUTHOR = {B Mazzag and C Tignanelli  and GD Smith},      
   TITLE = {Analysis of the effect of residual {\Ca} on the gating of {\Ca}-regulated {\Ca} channels.},
   PAGES = {},
   BOOKTITLE = {Biophysical Society Annual Meeting Abstracts, Program No.~579},
   EDITOR = {}, 
   PUBLISHER = {}, 
   EDITION = {}, 
   YEAR = {2004},
   ADDRESS = {Baltimore, MD}
}

@Article{NguyenEtal05,
   AUTHOR = {V Nguyen and R Mathias and GD Smith},      
   TITLE = {A stochastic automata network descriptor for Markov chain models of instantaneously-coupled intracellular {\Ca} channels}, 
   JOURNAL = { Bull.\ Math.\ Biol.},
   YEAR = {2005},
   VOLUME = {67},
   NUMBER = {3},
   PAGES = {393--432}
}

@INPROCEEDINGS{Smith05,
   TITLE = {Modeling intracellular calcium: diffusion, dynamics, and domains},
   AUTHOR = {GD Smith},      
   PAGES = {339--374},
   BOOKTITLE = {Modeling in the Neurosciences: From Biological Systems to Cognitive Robotics (Foundations of Analytical Neuroscience)},
   EDITOR = {GN Reeke and RR Poznanski and KA Lindsay and JR Rosenberg  and O Sporns }, 
   PUBLISHER = {Taylor \& Francis}, 
   EDITION = {2nd}, 
   YEAR = {2005}
}

@Article{WilsonEtal02,
   AUTHOR = {SM Wilson and HS Mason and GD Smith and N Nicholson and L Johnston and R Janiak and JR Hume}, 
   TITLE = {Comparative capacitative {\Ca} entry mechanisms in canine pulmonary and renal arterial smooth muscle cells},
   JOURNAL = {J.\ Physiol.\ (London)}, 
   YEAR = {2002},
   VOLUME = {543},
   NUMBER = {Pt 3},
   PAGES = {917--931}
}

@Article{SmithSherman02,
   AUTHOR = {GD Smith and SM Sherman}, 
   TITLE = {Detectability of excitatory vs.\ inhibitory drive in a thalamocortical relay neuron model}, 
   JOURNAL = {J.\ Neursci.}, 
   YEAR = {2002},
   VOLUME = {22},
   NUMBER = {23},
   PAGES = {10242--10250} 
}

@INPROCEEDINGS{Smith02b, 
TITLE = {An extended {D}e{Y}oung-{K}eizer-like {\Ip} receptor model that accounts for domain {\Ca}-mediated inactivation}, 
   AUTHOR = {GD Smith},      
   PAGES = {37--55},
   BOOKTITLE = {Recent Research Developments in Biophysical Chemistry, Vol.\ II},
   EDITOR = {CA Condat and A Baruzzi}, 
   PUBLISHER = {Research Signpost}, 
   YEAR = {2002}
}


@INCOLLECTION{SmithPearsonKeizer02,
   TITLE = {Modeling intracellular {\Ca} waves and sparks}, 
   AUTHOR = {GD Smith and J Pearson and J Keizer},      
   PAGES = {200--232},
   BOOKTITLE = {Computational Cell Biology},
   EDITOR = {CP Fall and ES Marland and JM Wagner and JJ Tyson}, 
   PUBLISHER = {Springer-Verlag},
   YEAR = {2002}
}


@INCOLLECTION{Smith02a,
   TITLE = {Modeling the stochastic gating of ion channels}, 
   AUTHOR = {GD Smith},      
   PAGES = {291--325},
   BOOKTITLE = {Computational Cell Biology},
   EDITOR = {CP Fall and ES Marland and JM Wagner and JJ Tyson}, 
   PUBLISHER = {Springer-Verlag},
   YEAR = {2002}
}


@Article{AbstractSmithSherman01,
   AUTHOR = {GD Smith and SM Sherman}, 
   TITLE = {Detectability of excitatory vs.\ inhibitory drive in a thalamocortical relay neuron model}, 
   JOURNAL = {Soc Neurosci Abstr},
   YEAR = {2001},
   VOLUME = {},
   NUMBER = {},
   PAGES = {}
}


@Article{AbstractWilliamsEtal01,
   AUTHOR = {JC Williams and GD Smith and RJ Vetter and DR Kipke}, 
   TITLE = {Correlation analysis of electrical interface properties of chronic neural implants}, 
   JOURNAL = {Soc Neurosci Abstr},
   YEAR = {2001},
   VOLUME = {},
   NUMBER = {},
   PAGES = {}
}


@Article{SmithEtal01b,
   AUTHOR = {GD Smith and CL Cox and SM Sherman and J Rinzel},      
   TITLE = {Spike-frequency adaptation in sinusoidally-driven thalamocortical relay neurons},
   JOURNAL = {Thalamus and Related Systems},
   YEAR = {2001},
   VOLUME = {11},
   NUMBER = {},
   PAGES = {1--22}
}


@ARTICLE{SmithEtal01a,
   AUTHOR = {GD Smith and L Dai and R Muira and A Sherman},      
   TITLE = {Asymptotic analysis of equations for the buffered diffusion of intracellular {\Ca}},
   JOURNAL = {SIAM J Appl Math},
   VOLUME = {61},
   NUMBER = {5},
   PAGES = {1816--1838},
   YEAR = {2001}
}


@Article{CoombesEtal01,
   AUTHOR = {S Coombes and MR Owen and GD Smith}, 
   TITLE = {Mode-locking in a periodically forced integrate-and-fire-or-burst neuron model},  
   JOURNAL = {Phys.\ Rev.\ E}, 
   YEAR = {2001},
   VOLUME = {64},
   NUMBER = {041914},
   PAGES = {1--12}
}


@Article{SmithEtal00,
   AUTHOR = {GD Smith and CL Cox and SM Sherman and J Rinzel},      
   TITLE = {Fourier analysis of sinusoidally-driven thalamocortical relay neurons and a minimal intergrate-and-fire-or-burst model},
   JOURNAL = {J Neurophysiol},
   YEAR = {2000},
   VOLUME = {83},
   NUMBER = {1},
   PAGES = {588}
}


@INCOLLECTION{Smith00,
   TITLE = {Modeling local and global {\Ca} signals using reaction-diffusion equations},
   AUTHOR = {GD Smith},               
   PAGES = {49--85},
   BOOKTITLE = {Computational Neuroscience: Realistic Modeling for Experimentalists},
   EDITOR = {E DeSchutter},               
   PUBLISHER = {CRC Press},
   YEAR = {2000}
}


@ARTICLE{BertramEtal99,
   AUTHOR = {R Bertram and GD Smith and A Sherman},         
   TITLE = {Modeling study of the effects of overlapping {\Ca} microdomains on neurotransmitter release},
   JOURNAL = {Biophys J},
   VOLUME = {76},
   NUMBER = {2},
   PAGES = {735--50},
   YEAR = {1999}
}


@Article{AbstractSmithEtal99,
   AUTHOR = {GD Smith and CL Cox and SM Sherman and J Rinzel},      
   TITLE = {Spike-frequency adaptation in sinusoidally-driven thalamocortical relay neurons},
   JOURNAL = {Soc Neurosci Abstr},
   YEAR = {1999},
   VOLUME = {25},
   NUMBER = {573.15},
   PAGES = {1427}
}


@ARTICLE{SmithEtal98,
   AUTHOR = {GD Smith and J Keizer and M Stern and WJ Lederer and H Cheng},   
   TITLE = {A simple numerical model of {\Ca} spark formation and detection in cardiac myocytes},
   JOURNAL = {Biophys J},
   VOLUME = {75},
   NUMBER = {7},
   PAGES = {15--32},
   YEAR = {1998}
}


@ARTICLE{KeizerSmith98,
   AUTHOR = {GD Smith and J Keizer},            
   TITLE = {Spark-to-wave transition: saltatory transmission of {\Ca} waves in cardiac myocytes},
   JOURNAL = {Biophys Chem},
   VOLUME = {72},
   NUMBER = {1-2},
   PAGES = {87--100},
   YEAR = {1998}
}


@ARTICLE{KeizerEtal98,
   AUTHOR = {J Keizer and GD Smith and S Ponce-Dawson and JE Pearson},      
   TITLE = {Saltatory propagation of {\Ca} waves by {\Ca} sparks},
   JOURNAL = {Biophys J},
   VOLUME = {75},
   NUMBER = {2},
   PAGES = {595--600},
   YEAR = {1998}
}


@ARTICLE{Smith96,
   AUTHOR = {GD Smith},               
   TITLE = {Analytical steady-state solution to the rapid buffering approximation near an open {\Ca} channel},
   JOURNAL = {Biophys J},
   VOLUME = {71},
   NUMBER = {6},
   PAGES = {3064--3072},
   YEAR = {1996}
}


@ARTICLE{SmithEtal96a,
   AUTHOR = {GD Smith and J Wagner and J Keizer},         
   TITLE = {Validity of the rapid buffering approximation near a point source of {\Ca} ions},
   JOURNAL = {Biophys J},
   VOLUME = {70},
   NUMBER = {6},
   PAGES = {2527--2539},
   YEAR = {1996}
}

@ARTICLE{SmithEtal96b,
   AUTHOR = {GD Smith and RJ Lee and JM Oliver and J Keizer},
   TITLE = {Effect of {\Ca} influx on intracellular free {\Ca} responses in antigen-stimulated {RBL-2H3} cells.},
   JOURNAL = {Am J Physiol},
   YEAR = {1996},
   MONTH = {Mar},
   VOLUME = {270},
   NUMBER = {3 Pt 1},
   PAGES = {C939--C952}
}

@BOOK{ThesisSmith96,
   AUTHOR = {GD Smith},               
   TITLE = {Effect of {\Ca} influx on intracellular {\Ca} responses in antigen-stimulated {RBL-2H3} cells and calculations of localized {\Ca} elevations and domain {\Ca} using the rapid buffering approximation}, 
   YEAR = {1996},
   PUBLISHER = {University of California},
   ADDRESS = {Davis, CA}
}


