%
% edu.bib
%
@ARTICLE{Katz01, 
   AUTHOR = {Katz SN}, 
   TITLE = {Information technology, don't mistake a tool for a goal},  
   JOURNAL = {The Chronicle Review}, 
   VOLUME = {47},
   NUMBER = {40},
   PAGES = {B7--9},
   MONTH = {},
   NOTE = {},
   YEAR = {2001} 
}


@INPROCEEDINGS{Smith00,
   TITLE = {Modeling local and global {\Ca\ } signals using 
   reaction-diffusion equations}, 
   AUTHOR = {Smith GD}, 
   PAGES = {49--85},
   BOOKTITLE =  {Computational Neuroscience: Realistic Modeling for Experimentalists}, 
   EDITOR = {De~Schutter E}, 
   PUBLISHER = {CRC Press}, 
   YEAR = {2000},
   ADDRESS = {},
}


@BOOK{McKeachie94,
   AUTHOR = {McKeachie94},
   TITLE = {Teaching Tips: strategies, research, and theory for college and university teacheres},
   PUBLISHER = {D.C. Heath and Company},
   ADDRESS = {Lexington, MA},
   YEAR = {1994},
   ISBN = {93-78301}
}


