% mGluR.bib


@article{GaviEtal06,
  title={G-protein-coupled receptors and tyrosine kinases: crossroads in cell signaling and regulation},
  author={Gavi, Shai and Shumay, Elena and Wang, Hsien-yu and Malbon, Craig C},
  journal={Trends in Endocrinology \& Metabolism},
  volume={17},
  number={2},
  pages={48--54},
  year={2006}
}


@article{KingEtal19,
  title={{Direct measurements of VEGF--VEGFR2 binding affinities reveal the coupling between ligand binding and receptor dimerization}},
  author={King, Christopher and Hristova, Kalina},
  journal={Journal of Biological Chemistry},
  volume={294},
  number={23},
  pages={9064--9075},
  year={2019}
}


@Article{Smrcka08,
author="Smrcka, A. V.",
title="G protein $\beta$$\gamma$ subunits: Central mediators of G protein-coupled receptor signaling",
journal="Cellular and Molecular Life Sciences",
year="2008",
month="Jul",
day="01",
volume="65",
number="14",
pages="2191--2214"
}


@book{HammackEtal2011,
    AUTHOR = {Hammack, Richard and Imrich, Wilfried and Klav{\v{z}}ar,
              Sandi},
     TITLE = {Handbook of product graphs},
    SERIES = {Discrete Mathematics and its Applications},
   EDITION = {Second},
 PUBLISHER = {CRC Press},
      YEAR = {2011}
}



@book{Hill85,
  title={Cooperativity Theory in Biochemistry: Steady-state and Equilibrium Systems},
  author={Terrell L. Hill},
  year={1985},
  publisher={Springer-Verlag}
}
 
@article{DeLeanEtal80,
  title={A ternary complex model explains the agonist-specific binding properties of the adenylate cyclase-coupled beta-adrenergic receptor.},
  author={De Lean, Andre and Stadel, JM and Lefkowitz, RJ},
  journal={Journal of Biological Chemistry},
  volume={255},
  number={15},
  pages={7108--7117},
  year={1980},
  publisher={ASBMB}
}


@article{GregoryEtal10,
  title={Overview of receptor allosterism},
  author={Gregory, Karen J and Sexton, Patrick M and Christopoulos, Arthur},
  journal={Current Protocols in Pharmacology},
  volume={51},
  number={1},
  pages={1--21},
  year={2010}
}


@article{MayEtal17,
  title={Allosteric modulation of {G} protein-coupled receptors},
  author={May, Lauren T and Leach, Katie and Sexton, Patrick M and Christopoulos, Arthur},
  journal={Annu. Rev. Pharmacol. Toxicol.},
  volume={47},
  pages={1--51},
  year={2007}
}

@article{GregoryEtal13,
  title={Pharmacology of metabotropic glutamate receptor allosteric modulators: structural basis and therapeutic potential for {CNS} disorders},
  author={Gregory, Karen J and Noetzel, Meredith J and Niswender, Colleen M},
  journal={Progress in Molecular Biology and Translational Science},
  volume={115},
  pages={61--121},
  year={2013}
}

@article{Farran17,
  title={An update on the physiological and therapeutic relevance of {GPCR} oligomers},
  author={Farran, Batoul},
  journal={Pharmacological Research},
  volume={117},
  pages={303--327},
  year={2017}
}


@article{Palczewski10,
  title={Oligomeric forms of {G} protein-coupled receptors ({GPCRs})},
  author={Palczewski, Krzysztof},
  journal={Trends in Biochemical Sciences},
  volume={35},
  number={11},
  pages={595--600},
  year={2010}
}



@article{LeachEtal15,
  title={Towards tissue-specific pharmacology: insights from the calcium-sensing receptor as a paradigm for GPCR (patho) physiological bias},
  author={Leach, Katie and Conigrave, Arthur D and Sexton, Patrick M and Christopoulos, Arthur},
  journal={Trends in pharmacological sciences},
  volume={36},
  number={4},
  pages={215--225},
  year={2015},
  publisher={Elsevier}
}


@article{FosterConn17,
  title={Allosteric modulation of {GPCRs}: new insights and potential utility for treatment of schizophrenia and other {CNS} disorders},
  author={Foster, Daniel J and Conn, P Jeffrey},
  journal={Neuron},
  volume={94},
  number={3},
  pages={431--446},
  year={2017},
  publisher={Elsevier}
}

@article{Lefkowitz13,
  title={A brief history of {G}-protein coupled receptors (Nobel Lecture)},
  author={Lefkowitz, Robert J},
  journal={Angewandte Chemie International Edition},
  volume={52},
  number={25},
  pages={6366--6378},
  year={2013},
  publisher={Wiley Online Library}
}


@article{GomesEtal01,
  title={{G} protein coupled receptor dimerization: implications in modulating receptor function},
  author={Gomes, Ivone and Jordan, Bryen A and Gupta, Achla and Rios, Carl and Trapaidze, Nino and Devi, Lakshmi A},
  journal={Journal of molecular medicine},
  volume={79},
  number={5-6},
  pages={226--242},
  year={2001},
  publisher={Springer}
}


@article{WangEtal18,
  title={New Insights into Modes of {GPCR} Activation},
  author={Wang, Wenjing and Qiao, Yuhui and Li, Zijian},
  journal={Trends in pharmacological sciences},
  volume={39},
  number={4},
  pages={367--386},
  year={2018}
}


@article{LevitzEtal16,
  title={Mechanism of assembly and cooperativity of homomeric and heteromeric metabotropic glutamate receptors},
  author={Levitz, Joshua and Habrian, Chris and Bharill, Shashank and Fu, Zhu and Vafabakhsh, Reza and Isacoff, Ehud Y},
  journal={Neuron},
  volume={92},
  number={1},
  pages={143--159},
  year={2016},
  publisher={Elsevier}
}


@article{ParmentierEtal02,
  title={A model for the functioning of family 3 GPCRs},
  author={Parmentier, Marie-Laure and Pr{\'e}zeau, Laurent and Bockaert, Jo{\"e}l and Pin, Jean-Philippe},
  journal={Trends in pharmacological sciences},
  volume={23},
  number={6},
  pages={268--274},
  year={2002},
  publisher={Elsevier}
}


@article{PinBettler16,
  title={Organization and functions of {mGlu} and {GABA} {B} receptor complexes},
  author={Pin, Jean-Philippe and Bettler, Bernhard},
  journal={Nature},
  volume={540},
  number={7631},
  pages={60},
  year={2016},
  publisher={Nature Publishing Group}
}

@article{ConnEtal09,
  title={Allosteric modulators of {GPCRs}: a novel approach for the treatment of {CNS} disorders},
  author={Conn, P Jeffrey and Christopoulos, Arthur and Lindsley, Craig W},
  journal={Nature reviews Drug discovery},
  volume={8},
  number={1},
  pages={41},
  year={2009},
  publisher={Nature Publishing Group}
}


@article{ChristopoulosKenakin02,
  title={G protein-coupled receptor allosterism and complexing},
  author={Christopoulos, Arthur and Kenakin, Terry},
  journal={Pharmacological Reviews},
  volume={54},
  number={2},
  pages={323--374},
  year={2002},
  publisher={ASPET}
}

@article{ChandrashekarEtal06,
  title={The receptors and cells for mammalian taste},
  author={Chandrashekar, Jayaram and Hoon, Mark A and Ryba, Nicholas JP and Zuker, Charles S},
  journal={Nature},
  volume={444},
  number={7117},
  pages={288},
  year={2006},
  publisher={Nature Publishing Group}
}


@article{MarshallEtal99,
  title={{GABAB} receptors--the first {7TM} heterodimers},
  author={Marshall, Fiona H and Jones, Kenneth A and Kaupmann, Klemens and Bettler, Bernhard},
  journal={Trends in pharmacological sciences},
  volume={20},
  number={10},
  pages={396--399},
  year={1999},
  publisher={Elsevier}
}

@article{PinEtal04,
  title={Activation mechanism of the heterodimeric {GABAB} receptor},
  author={Pin, Jean-Philippe and Kniazeff, Julie and Binet, Virginie and Liu, Jianfeng and Maurel, Damien and Galvez, Thierry and Duthey, B{\'e}atrice and Havlickova, Michaela and Blahos, Jaroslav and Pr{\'e}zeau, Laurent and others},
  journal={Biochemical Pharmacology},
  volume={68},
  number={8},
  pages={1565--1572},
  year={2004}
}


@article{ParkPalczewski05,
  title={Diversifying the repertoire of {G} protein-coupled receptors through oligomerization},
  author={Park, Paul S-H and Palczewski, Krzysztof},
  journal={Proceedings of the National Academy of Sciences},
  volume={102},
  number={25},
  pages={8793--8794},
  year={2005}
}


@article{KaczorSelent11,
  title={Oligomerization of {G} protein-coupled receptors: biochemical and biophysical methods},
  author={Kaczor, AA and Selent, J},
  journal={Current Medicinal Chemistry},
  volume={18},
  number={30},
  pages={4606--4634},
  year={2011}
}

@article{ParkEtal08,
  title={Activation of {G} protein-coupled receptors: {B}eyond two-state models and tertiary conformational changes},
  author={Park, Paul S-H and Lodowski, David T and Palczewski, Krzysztof},
  journal={Annu. Rev. Pharmacol. Toxicol.},
  volume={48},
  pages={107--141},
  year={2008}
}


@article{GoudetEtal05,
author = {Goudet, Cyril and Kniazeff, Julie and Hlavackova, Veronika and Malhaire, Fanny and Maurel, Damien and Acher, Francine and Blahos, Jaroslav and Prezeau, Laurent and Pin, Jean-Philippe},
title = {{Asymmetric functioning of dimeric metabotropic glutamate receptors disclosed by positive allosteric modulators}},
journal = {{The Journal of Biological Chemistry}},
year = {2005},
volume = {280},
number = {26},
pages = {24380--24385}
}


@article{VischerEtal15,
author = {Vischer, H F and Castro, M and Pin, J P R},
title = {{G Protein-Coupled Receptor Multimers: A Question Still Open Despite the Use of Novel Approaches}},
journal = {Molecular pharmacology},
year = {2015},
volume = {88},
number = {3},
pages = {561--571},
month = jul
}



@article{ParkEtal04,
  title={Oligomerization of {G} protein-coupled receptors: past, present, and future},
  author={Park, Paul S-H and Filipek, Slawomir and Wells, James W and Palczewski, Krzysztof},
  journal={Biochemistry},
  volume={43},
  number={50},
  pages={15643--15656},
  year={2004}
}

@article{MilliganSmith07,
  title={Allosteric modulation of heterodimeric {G}-protein-coupled receptors},
  author={Milligan, Graeme and Smith, Nicola J},
  journal={Trends in Pharmacological Sciences},
  volume={28},
  number={12},
  pages={615--620},
  year={2007}
}

@book{Kenakin13,
  author    = {Kenakin, Terry}, 
  title     = {Oligomerization and allosteric modulation in {G}-protein coupled receptors},
  publisher = {Academic Press},
  year      = 2014,
  volume    = 115,
  edition = 1,
  series    = {Progress in molecular biology and translational science}}
}


@article{WettschureckOffermanns05,
author = {Wettschureck, Nina and Offermanns, Stefan},
title = {{Mammalian G proteins and their cell type specific functions.}},
journal = {Physiological Reviews},
year = {2005},
volume = {85},
number = {4},
pages = {1159--1204},
month = oct
}


@article{JulioPieperEtal11,
author = {Julio-Pieper, Marcela and Flor, Peter J and Dinan, Timothy G and Cryan, John F},
title = {{Exciting times beyond the brain: metabotropic glutamate receptors in peripheral and non-neural tissues.}},
journal = {Pharmacological Reviews},
year = {2011},
volume = {63},
number = {1},
pages = {35--58},
month = mar
}




@INCOLLECTION{Hall13,
author = {David A. Hall}, 
title = {Application of receptor theory to allosteric modulation of receptors,},
booktitle = {{Oligomerization and Allosteric Modulation in G-Protein Coupled Receptors}},
year = {2012},
month = {December},
pages = {217--290},
editor = {Terry Kenakin},
publisher = {Academic Press}
}

@INCOLLECTION{Giraldo13,
author = {Jesus Giraldo}, 
title = {Modeling cooperativity effects in dimeric {G} protein-coupled receptors,},
booktitle = {Oligomerization and Allosteric Modulation in G-Protein Coupled Receptors},
year = {2012},
month = {December},
pages = {349--373},
editor = {Terry Kenakin},
publisher = {Academic Press}
}


@article{PierceEtal02,
author = {Pierce, Kristen L and Premont, Richard T and Lefkowitz, Robert J},
title = {{Seven-transmembrane receptors.}},
journal = {Nature reviews Molecular cell biology},
year = {2002},
volume = {3},
number = {9},
pages = {639--650},
month = sep
}

@article{AudetBouvier12,
author = {Audet, Martin and Bouvier, Michel},
title = {{Restructuring G-protein-coupled receptor activation.}},
journal = {Cell},
year = {2012},
volume = {151},
number = {1},
pages = {14--23},
month = sep
}

@article{RosenbaumEtal09,
author = {Rosenbaum, Daniel M and Rasmussen, Soren G F and Kobilka, Brian K},
title = {{The structure and function of G-protein-coupled receptors.}},
journal = {Nature},
year = {2009},
volume = {459},
number = {7245},
pages = {356--363},
month = may
}

@article{DeVreeEtal16,
author = {DeVree, Brian T and Mahoney, Jacob P and V{\'e}lez-Ruiz, Gisselle A and Rasmussen, Soren G F and Kuszak, Adam J and Edwald, Elin and Fung, Juan-Jose and Manglik, Aashish and Masureel, Matthieu and Du, Yang and Matt, Rachel A and Pardon, Els and Steyaert, Jan and Kobilka, Brian K and Sunahara, Roger K},
title = {{Allosteric coupling from G protein to the agonist-binding pocket in GPCRs.}},
journal = {Nature},
year = {2016},
volume = {535},
number = {7610},
pages = {182--186},
month = jul
}

@article{EllaithyEtal15,
author = {Ellaithy, Amr and Younkin, Jason and Gonz{\'a}lez-Maeso, Javier and Logothetis, Diomedes E},
title = {{Positive allosteric modulators of metabotropic glutamate 2 receptors in schizophrenia treatment}},
journal = {Trends in neurosciences},
year = {2015},
volume = {38},
number = {8},
pages = {506--516},
month = aug
}


@article{FribourgEtal11,
author = {Fribourg, Miguel and Moreno, Jos{\'e} L and Holloway, Terrell and Provasi, Davide and Baki, Lia and Mahajan, Rahul and Park, Gyu and Adney, Scott K and Hatcher, Candice and Eltit, Jos{\'e} M and Ruta, Jeffrey D and Albizu, Laura and Li, Zheng and Umali, Adrienne and Shim, Jihyun and Fabiato, Alexandre and MacKerell, Alexander D and Brezina, Vladimir and Sealfon, Stuart C and Filizola, Marta and Gonz{\'a}lez-Maeso, Javier and Logothetis, Diomedes E},
title = {{Decoding the signaling of a GPCR heteromeric complex reveals a unifying mechanism of action of antipsychotic drugs.}},
journal = {Cell},
year = {2011},
volume = {147},
number = {5},
pages = {1011--1023},
month = nov
}


@article{MorenoEtal16,
author = {Moreno, Jos{\'e} L and Miranda-Azpiazu, Patricia and Garcia-Bea, Aintzane and Younkin, Jason and Cui, Meng and Kozlenkov, Alexey and Ben-Ezra, Ariel and Voloudakis, Georgios and Fakira, Amanda K and Baki, Lia and Ge, Yongchao and Georgakopoulos, Anastasios and Mor{\'o}n, Jos{\'e} A and Milligan, Graeme and L{\'o}pez-Gim{\'e}nez, Juan F and Robakis, Nikolaos K and Logothetis, Diomedes E and Meana, J Javier and Gonz{\'a}lez-Maeso, Javier},
title = {{Allosteric signaling through an mGlu2 and 5-HT2A heteromeric receptor complex and its potential contribution to schizophrenia.}},
journal = {Science Signaling},
year = {2016},
volume = {9},
number = {410},
pages = {ra5--ra5}
}

@article{KuritaEtal12,
author = {Kurita, Mitsumasa and Holloway, Terrell and Garcia-Bea, Aintzane and Kozlenkov, Alexey and Friedman, Allyson K and Moreno, Jos{\'e} L and Heshmati, Mitra and Golden, Sam A and Kennedy, Pamela J and Takahashi, Nagahide and Dietz, David M and Mocci, Giuseppe and Gabilondo, Ane M and Hanks, James and Umali, Adrienne and Callado, Luis F and Gallitano, Amelia L and Neve, Rachael L and Shen, Li and Buxbaum, Joseph D and Han, Ming-Hu and Nestler, Eric J and Meana, J Javier and Russo, Scott J and Gonz{\'a}lez-Maeso, Javier},
title = {{HDAC2 regulates atypical antipsychotic responses through the modulation of mGlu2 promoter activity.}},
journal = {Nature neuroscience},
year = {2012},
volume = {15},
number = {9},
pages = {1245--1254},
month = sep
}

@article{GonzalezMaesoEtal08,
author = {Gonz{\'a}lez-Maeso, Javier and Ang, Rosalind L and Yuen, Tony and Chan, Pokman and Weisstaub, Noelia V and L{\'o}pez-Gim{\'e}nez, Juan F and Zhou, Mingming and Okawa, Yuuya and Callado, Luis F and Milligan, Graeme and Gingrich, Jay A and Filizola, Marta and Meana, J Javier and Sealfon, Stuart C},
title = {{Identification of a serotonin/glutamate receptor complex implicated in psychosis.}},
journal = {Nature},
year = {2008},
volume = {452},
number = {7183},
pages = {93--97},
month = mar
}

@article{GonzalezMaesoEtal06,
author = {Gonz{\'a}lez-Maeso, Javier and Meana, J Javier},
title = {{Heterotrimeric g proteins: insights into the neurobiology of mood disorders.}},
journal = {Current neuropharmacology},
year = {2006},
volume = {4},
number = {2},
pages = {127--138},
month = apr
}


@article{SheaEtal00,
author = {Shea, L D and Neubig, R R and Linderman, Jennifer J},
title = {{Timing is everything the role of kinetics in G protein activation}},
journal = {Life sciences},
year = {2000},
volume = {68},
number = {6},
pages = {647--658},
month = dec
}

@article{WeissEtal96a,
author = {Weiss, J M and Morgan, P H and Lutz, M W and Kenakin, Terry},
title = {The cubic ternary complex receptor-occupancy model {I}. {M}odel description},
journal={Journal of theoretical biology},
volume={178},
number={2},
pages={151--167},
year = {1996}
}

@article{WeissEtal96b,
author = {Weiss, J M and Morgan, P H and Lutz, M W and Kenakin, Terry},
title = {The cubic ternary complex receptor-occupancy model {II}. {U}nderstanding apparent affinity},
  journal={Journal of theoretical biology},
  volume={178},
  number={2},
  pages={169--182},
year = {1996}
}

@article{WeissEtal96c,
author = {Weiss, J M and Morgan, P H and Lutz, M W and Kenakin, Terry},
title = {The cubic ternary complex receptor-occupancy model. {III}. {R}esurrecting efficacy},
volume = {181},
number = {4},
pages = {381--397},
year = {1996}
}


